2170 3576
171 223 329 301 “arran
353 223 645 305 srncnmnrs
671 229 773 305 cm.
783 229 845 303 111.
872 245 940 322 ποῖ
1059 317 1063 328 ,

143 355 242 469 gusti
259 355 448 456 principis,
471 357 576 431 etiam
601 351 698 432 extra
714 357 854 431 Urbem
866 357 943 431 data

144 457 189 526 ais
213 452 289 526 sunt
308 473 534 528 monumenta
547 454 755 552 sepulcralia.
806 453 855 526 Et
873 456 944 552 pri·

143 572 245 621 mum
269 550 409 646 quidem
433 552 525 650 apud
549 552 684 626 Pisanos
710 555 748 625 in
772 552 914 624 Etruria
926 582 941 637 ς

142 646 284 744 dequo
311 647 478 743 peculiari
501 647 749 723 Differtatione
766 647 945 720 Henricus

143 739 335 819 Norilius:
364 766 466 842 quam
496 768 579 818 cum
606 747 697 820 haec·
717 743 859 834 scribo,
883 767 946 816 ne·

147 840 336 1008 quidquam
351 844 515 938 requiro,
541 862 580 916 ut
596 844 783 941 inspiciam.
805 841 868 911 Tu
885 864 946 912 ve-

146 963 209 1024 ro,
270 937 383 1017 eebor,
410 939 471 1010 ubi
494 941 566 1038 ejus
590 943 692 1038 copia
708 940 832 1029 fuerit,
856 938 947 1010 aedi-

15 1035 18 1042 '
147 1033 273 1108 ficium
290 1058 500 1131 omnemque
514 1039 681 1111 rationem
699 1038 772 1136 ejus
783 1029 946 1109 cumhbe

148 1133 269 1205 nostro
293 1132 462 1205 conferes.
511 1131 714 1226 Parro'Caii
728 1133 946 1232 epitaphium

149 1227 297 1300 Graecis
320 1230 426 1302 literis
444 1229 648 1325 inscriptum
666 1229 806 1303 Emesae
822 1232 860 1301 in
878 1230 947 1328 sy-

147 1327 201 1494 pig
222 1343 339 1398 extare
363 1324 524 1423 perhibet
548 1329 724 1441 Bellonips
760 1324 946 1400 Observan
984 1350 987 1358 ·

59 1599 67 1604 ,
149 1421 946 1630 allrslalanblsslalillibi?

148 1615 313 1688 dentrbus
328 1635 408 1688 eum
425 1637 606 1691 mortuum
616 1617 653 1689 in
664 1619 776 1714 Syria:
803 1616 945 1711 frustra,

148 1711 217 1783 nisr
239 1711 364 1804 fallor,
388 1735 451 1809 pro
476 1718 568 1806 Syria
592 1713 798 1792 rescribente
814 1716 947 1808 Lyciam

144 1807 252 1902 Justo
267 1806 392 1907 Lipfio
408 1811 447 1882 in
461 1810 584 1884 Taciti
603 1811 762 1885 Annali.
775 1831 803 1904 3.
835 1809 948 1884 Est&
1020 1829 1035 1892 j

150 1905 291 2002 quidam
332 1905 499 1979 Blumber
527 1911 605 1999 ius,
644 1907 869 1999 Germanus,
911 1909 948 1982 in
1069 1941 1076 1954 ·

150 2005 386 2074 Monumento
402 2001 511 2076 Drur
536 2004 808 2104 Moguntinensr
833 2007 949 2104 (bum

150 2096 395 2195 nitbrltrrin)
429 2101 523 2196 quod
547 2101 614 2174 tale
638 2101 704 2176 esse
724 2102 807 2178 falso
825 2106 947 2201 opina-

150 2215 210 2269 tus
236 2197 327 2290 fuit,
352 2198 562 2295 perscribens
586 2199 636 2270 cis
662 2198 833 2273 Rhenum
857 2202 949 2297 apud
994 2229 997 2236 ’

150 2293 350 2391 Empsam‚
382 2293 504 2369 locum
544 2299 580 2368 in
619 2297 745 2369 finibus
770 2293 949 2368 Nassaviae

150 2389 280 2464 balneis
312 2390 498 2485 nobilem,
531 2389 679 2490 politam
714 2392 799 2464 olim
836 2394 948 2464 eidem
1064 2447 1069 2458 ,

151 2489 244 2584 Cajo
271 2488 495 2586 pyramidem.
544 2486 673 2564 Saltem
692 2487 872 2562 Romanae
894 2489 947 2560 di·

152 2585 258 2656 tionis
306 2581 403 2656 fuisse
450 2605 573 2682 agrum
617 2584 715 2657 illum
764 2585 953 2684 Mattiaco-¹

151 2703 232 2753 rum
257 2677 318 2752 sub
342 2680 434 2752 idem
459 2700 623 2778 tempus,
655 2704 725 2780 quo
749 2680 855 2779 Cajus
879 2681 948 2753 flo-

139 2781 242 2861 ¹ruit,
269 2799 372 2848 nemo
394 2795 449 2850 eat
476 2778 621 2851 inficias.
672 2779 866 2852 Provincias
892 2802 949 2851 ve·

151 2899 193 2947 ro
209 2877 313 2970 etiapn
324 2875 497 2971 plerasque
512 2873 611 2974 super
636 2876 765 2975 templa
789 2873 829 2948 &
853 2899 948 2968 aras,

152 2972 255 3044 ludos
280 2992 419 3082 qaoque
443 2973 708 3071 quinquennales
725 2995 830 3071 paene
847 2975 949 3080 oppi-

151 3069 260 3144 datim
291 3091 373 3142 vrvo
391 3067 549 3167 Augusto
564 3069 796 3164 constituiffe,
819 3075 950 3239 exlserte
