2138 3570
101 221 138 302 52
214 172 822 278 ssOBsaavrrroaua

123 386 309 476 antiquitati
332 383 406 474 plus
429 377 583 478 minusve
598 376 730 473 favent,
762 379 836 466 sed,
862 373 955 474 quod

122 487 228 579 magis
250 482 314 565 eli,
343 484 462 551 veritas
482 483 617 571 quoque
636 477 793 550 falfitasve
811 482 957 554 nonnul·

106 583 231 654 ¹lorum
267 579 516 672 diplomatum,
553 575 768 665 quae-eidem
800 579 956 671 inscripta

122 701 283 753 annorum
307 681 397 770 450.'
424 681 493 747 imo
517 673 675 766 majorem
697 677 887 749 vetustatem
905 683 954 750 in·

122 781 254 864 dicant,
271 777 462 871 detegatur.
493 845 497 853 s
676 854 679 862 ,

169 875 282 948 Nobis
303 875 359 968 etsr
376 897 443 946 non
459 874 589 944 licuerit
605 872 668 943 elle
683 893 748 944 tam
765 874 888 960 beatis,
914 886 953 947 ut'

118 979 307 1070 proximum
338 995 466 1064 tempus
493 972 685 1044 introductae
709 971 806 1064 hujus
831 975 952 1046 charrae

114 1076 367 1157 ,invenenatum
403 1075 490 1142 varia
517 1092 624 1140 tamen
648 1074 680 1140 in
699 1073 869 1144 hanc-rem
890 1075 952 1168 ob·⁸

117 1172 250 1244 leavalle
292 1173 437 1266 contigitv
465 1169 543 1240 alibi
575 1170 663 1239 haud
695 1171 820 1252 obvia,
860 1173 952 1242 unde

114 1271 247 1362 epocha
270 1269 325 1340 illa
347 1271 455 1352 certis¹
470 1268 628 1338 limitibus
643 1268 949 1357 circumscribetur,

116 1369 252 1462 aliisque
268 1365 503 1464 progrediendi
519 1366 655 1438 ulterius
670 1370 837 1458 aperietur
852 1370 917 1438 via.
937 1447 941 1458 Α

115 1553 119 1558 ,
162 1467 213 1540 Ut
233 1490 314 1539 vero
330 1469 437 1537 omnis
453 1487 571 1550 error,
606 1467 638 1535 in
653 1488 752 1558 quem
771 1463 883 1557 plures
898 1469 950 1538 in·

113 1567 246 1652 cidere,
279 1567 334 1635 hic
359 1559 517 1648 evitetur,
551 1563 776 1658 distinguenda
797 1563 867 1634 lunt
886 1567 949 1636 tria

111 1667 280 1760 praecipue
309 1664 430 1736 chartae
459 1685 610 1758 genera,
652 1685 753 1734 unum
777 1657 947 1758 AEgypria·

112 1779 202 1850 cum,
229 1787 271 1834 ex
295 1761 459 1855 pelliculis
483 1762 592 1831 herbae
612 1765 748 1853 papyri,
774 1762 826 1831 vel
844 1765 946 1834 etianr'

112 1866 238 1954 corrice
256 1863 382 1932 arboris
400 1857 609 1943 cnnfellum,
636 1859 773 1935 alterum
792 1856 946 1956 bornnycr.

111 1959 255 2032 narnien
272 1957 502 2054 gollypinum,
536 1981 554 2028 e
571 1958 646 2048 pilis
663 1957 817 2049 pannisve
833 1981 944 2030 cotto·

110 2062 183 2138 treis
199 2057 413 2142 fabricatum,
432 2060 628 2144 tertiumque
642 2057 775 2152 vulgare
785 2057 944 2144 nostrum,-

112 2154 205 2248 quod
225 2177 267 2225 ex
283 2178 431 2226 veterum
449 2154 610 2225 linteorum
627 2153 772 2247 reliquiis
789 2159 943 2228 contritis

110 2261 150 2326 tic
181 2257 352 2350 maceratis
379 2272 520 2344 paratur.
571 2251 664 2324 Alias
693 2277 774 2324 vcro
798 2255 945 2346 species,-

110 2354 199 2443 apud
216 2351 366 2423 Sinenses
378 2350 644 2444 Japonenlesque
660 2375 678 2422 a
693 2349 841 2446 pluribus
852 2374 942 2424 retro

110 2450 234 2523 sacculis
251 2472 419 2541 receptas,
444 2447 499 2520 lric
516 2471 699 2521 memorare
713 2453 794 2522 nihil
806 2453 941 2542 attinet,

108 2543 151 2620 cie
167 2549 288 2646 quibus
303 2551 429 2640 optime
446 2569 551 2639 nuper
566 2552 634 2642 egit
650 2549 705 2619 Cl.
723 2551 764 2620 de
781 2551 811 2622 la
824 2549 942 2623 Lande

105 2647 184 2720 dans
207 2647 281 2720 l'urt
295 2647 341 2718 -de
356 2643 450 2739 faire
473 2647 501 2716 le
520 2651 627 2740 papia
652 2647 798 2741 (inserta
817 2651 943 2721 eximio

106 2745 302 2840 syntagmati
332 2746 524 2816 Academia
550 2745 768 2820 scientiarum
793 2739 943 2822 Parisr'nae·

104 2843 147 2913 cle
162 2847 285 2936 artibus
301 2845 524 2936 mechanicis)
543 2868 565 2922 a
582 2839 613 2935 §ss
638 2865 716 2946 150.
743 2843 786 2915 ad
801 2849 884 2920 181.

154 2939 367 3038 AEgyptiacae
393 2943 512 3016 chartae
537 2941 656 3035 usum,
689 2944 779 3035 apud
795 2944 940 3019 ·Graecos

103 3031 340 3136 Romanosque
356 3043 437 3118 olim
449 3034 760 3136 fieqruentiffimum,
777 3041 831 3118 sua
845 3065 946 3138 aetate,

457 3151 464 3166 ⁴
892 3145 943 3214 nb·
