2152 3566
174 193 245 265 Du
270 192 392 263 Ouio.
417 189 588 330 CttAAt¹
607 191 770 268 Lutum
847 217 915 289 109

138 371 245 468 Quod
270 370 487 470 exemplum'
479 335 569 442 mxtt
567 319 720 444 militem
736 374 916 464 probabili·

80 491 193 542 tatem
210 468 241 542 &
258 494 364 542 terum
382 455 649 550 cirbunlluotlas
644 452 761 545 baud
754 491 796 542 tta
809 474 917 543 multo

51 584 242 676 tempore
258 571 330 660 poll
347 570 454 658 ipsum
469 569 656 640 menaeus
671 571 916 641 instrumentum

83 663 312 758 conlctiptum
345 667 451 737 videti
484 667 603 756 potest.
651 663 709 738 Est
741 689 848 738 autem
882 673 916 740 in

78 763 263 835 firmillima
288 762 322 836 ἃ
342 785 501 856 perquam
519 764 656 836 durabili
673 787 818 856 papyro,
843 788 917 857 quae

75 885 175 932 nunc
193 866 260 932 iam
276 884 375 932 ccxc.
400 883 556 936 annorum
574 863 637 949 eil,
660 863 804 934 obscuris
821 865 916 936 valde

73 961 207 1030 litteris
240 958 485 1030 Monachotum
518 982 609 1029 more
643 981 838 1047 exoratum,
881 961 916 1034 δι

74 1077 293 1128 memoratur
307 1061 339 1126 in
355 1057 414 1129 illo
429 1059 645 1128 instrumento
656 1063 782 1148 emptio
799 1062 917 1130 domus

76 1156 259 1228 cuiusdam
283 1177 321 1225 ac
344 1155 466 1247 predii.
518 1151 556 1226 ln
578 1160 682 1228 veteri
707 1159 917 1244 bacchatu,

80 1277 165 1346 quoe
183 1251 253 1322 fere
270 1254 407 1324 duorum
425 1251 598 1325 &dimitlii
613 1254 713 1336 seculi
728 1257 791 1337 est,
810 1255 919 1324 obsct-

82 1349 359 1444 vavi‚s1gnum
392 1352 606 1448 longitudinis
631 1356 725 1424 ouius
750 1355 844 1447 digiti
869 1375 919 1422 re·

78 1449 175 1519 ferre
195 1445 433 1540 Episcopalem
452 1452 594 1540 pileum,
622 1454 654 1528 iu
670 1469 821 1520 extremo
839 1451 917 1542 pilei

84 1547 264 1616 cacumine
285 1548 389 1652 figura
405 1567 473 1620 etat
487 1549 605 1634 stellae,
636 1552 785 1640 proxime
805 1549 863 1620 sub
880 1573 918 1620 eu

79 1645 216 1740 signum
251 1666 316 1714 etat
345 1647 479 1728 crucis
513 1652 546 1720 iu
575 1667 711 1738 utruque
734 1668 826 1738 porte
853 1667 918 1716 tres
1024 1680 1029 1692 1

84 1763 186 1812 erant
206 1741 337 1816 rotundi
354 1741 484 1837 globuli
500 1743 745 1833 conspiciendi,
770 1746 827 1833 qui
845 1749 920 1812 toti-

83 1841 166 1910 dem
191 1862 337 1934 gemmas
361 1841 514 1912 indicalle
538 1843 759 1922 videnturf
750 1864 782 1910 m
809 1843 919 1913 medio

84 1938 171 2030 pilei
195 1937 405 2030 Episcopalis
429 1940 534 2008 rursus
556 1939 679 2032 signum
703 1938 796 2010 instat·
813 1947 919 2012 crucis

87 2038 289 2126 adparebat,
305 2058 379 2127 quae
394 2035 474 2106 duas
489 2037 606 2106 ssmiles
623 2057 662 2106 ex
677 2059 810 2130 utruque
827 2061 918 2128 parte

87 2135 148 2203 fibi
174 2139 325 2226 proxime
350 2135 505 2220 habetet
531 2133 644 2249 paullo
667 2135 800 2207 inferius
819 2136 918 2251 'supra

87 2234 283 2317 cavitatem
308 2256 381 2323 quae
406 2255 504 2326 caput
528 2237 627 2330 tegit
655 2256 748 2304 eruut
771 2239 918 2326 quinque

91 2332 227 2401 rotundi
244 2331 371 2428 globuli
385 2332 442 2404 seu
458 2353 617 2447 gemmae
635 2325 728 2423 supra
740 2355 819 2424 quas
832 2333 919 2405 linea

92 2429 187 2500 dulia
220 2451 289 2500 emt
313 2430 530 2522 paullulum
521 2447 715 2512 mcutmta
756 2433 789 2502 in
813 2455 920 2522 eaque

94 2527 217 2618 septem
233 2530 421 2601 huiusmodi
438 2529 524 2626 signu
541 2529 583 2598 V
610 2527 690 2598 fibi
682 2533 822 2602 mvicem
839 2553 920 2598 con·

90 2629 198 2696 iubila
222 2625 553 2721 conspiciebantur„
569 2629 604 2698 iu
633 2647 775 2715 quotum
802 2645 920 2716 qumto

90 2725 155 2794 sive
179 2724 366 2796 adcurate
358 2749 390 2796 m
413 2727 525 2798 medlo
536 2723 621 2817 'pulei
638 2724 848 2815 Episcopulis
866 2744 920 2791 ro·

92 2823 214 2892 modus
232 2822 386 2916 globulus
372 2823 458 2896 sseu
475 2827 724 2922 mugetimemt
736 2819 922 2905 collocata,

90 2921 185 3034 supta
209 2943 308 3010 quom
335 2945 471 3017 paryum
497 2925 654 3013 publium·
674 2939 748 2989 etat
760 2919 920 3008 pultum

94 3022 143 3092 uti
160 3020 193 3090 in
210 3020 273 3090 hac
291 3022 400 3095 tabula
416 3022 504 3094 clare
521 3020 575 3092 illa
593 3017 800 3134 exhibentur.
844 3111 877 3150 Π
