2140 3578
75 485 208 560 uteru
226 482 270 556 au
285 221 836 582 Modiumquaeeisiinthujis
946 463 951 476 '

125 581 316 657 Novarum
335 582 557 678 antiquarum
572 579 781 658 Lesiionum

370 679 470 776 epist.
488 681 548 753 lli.

121 873 242 939 xistimo
258 872 352 936 Aram
367 871 517 937 Vbiorum
533 875 609 936 inibi
622 874 684 936 loci
691 872 794 954 fuisse,
809 871 862 936 ubi

54 883 119 1031 E
141 975 226 1018 nunc
252 953 296 1018 est
317 955 460 1037 oppidum
486 956 598 1019 Bonna.
638 955 724 1018 Nam
738 955 863 1020 Tacitus

53 1061 140 1106 aram
153 1035 232 1121 apud
247 1035 339 1103 castra
346 1037 457 1118 primae
463 1033 587 1120 legionis
595 1035 700 1120 posuit.
719 1035 860 1099 Aitenim

55 1125 169 1272 Ιὲμιοῐ
189 1123 225 1185 ab
251 1119 363 1182 Senatu
375 1119 511 1202 regreffos
525 1123 605 1202 apud
617 1142 702 1182 aram
718 1120 862 1184 Vbiorum

93 1202 278 1270 ermenicum
291 1199 413 1279 adiisse:
434 1199 504 1264 duas
517 1201 577 1262 ibil
617 1201 699 1262 iones
706 1249 717 1282 ,
736 1201 862 1281 primam
905 1263 908 1270 Δ

58 1301 149 1369 atque
171 1280 341 1345 vicesimam
357 1281 511 1345 hiemasse:
533 1302 567 1344 ac
580 1219 726 1344 ePglancum
742 1279 866 1362 legatio·

57 1368 106 1430 nis
129 1366 298 1451 principem
320 1384 337 1425 a
359 1361 490 1428 tumultu
505 1364 539 1426 δε
555 1364 655 1426 surore
670 1362 798 1424 militum
813 1383 864 1444 pe·

60 1448 241 1512 riclitantem
278 1445 310 1505 iu
325 1443 423 1508 castris
437 1446 550 1528 primae
565 1445 688 1527 legionis
703 1442 862 1508 subsidium

61 1527 200 1624 quaesisse
237 1493 298 1588 iilic
320 1525 399 1610 signa
421 1526 595 1609 &aquilam
608 1525 795 1607 amplexum,
815 1546 864 1588 re·
906 1569 911 1587 .

61 1610 175 1694 lrgione
196 1577 253 1670 sese
275 1621 410 1670 tutatum.
444 1608 493 1672 Ac
510 1605 726 1751 castsgirimae
739 1605 866 1688 legionis

59 1711 155 1776 prope
173 1689 310 1754 Bonnam
330 1688 380 1752 srta
395 1688 499 1772 fuisse,
518 1707 554 1752 ex
569 1707 586 1750 e
627 1707 675 1750 em
688 1685 802 1749 Tacito
815 1707 867 1770 pa·

50 1787 125 1856 tet,
143 1791 216 1836 cum
242 1771 378 1835 Bonnam
402 1772 525 1836 hiberna
541 1773 654 1846 primae
671 1767 790 1848 legionis
807 1788 865 1831 no-

62 1855 160 1915 minat
186 1849 266 1913 Hist.
288 1849 342 1913 IV.
366 1867 414 1931 25.
452 1851 549 1933 Hujus
585 1850 756 1931 distantiae,
789 1851 865 1911 inter

65 1952 149 1997 aram
165 1931 313 1995 Vbiorum
328 1934 363 2016 bt
376 1932 502 2015 Vetera,
523 1931 642 1996 Bonnae
658 1933 696 1993 ab
704 1929 813 1993 eisdem
820 1933 867 1993 in-

63 2013 226 2080 terstitium
234 2012 320 2096 plane
328 2011 495 2096 respondet:
515 2012 866 2098 loquensenimdequin·

63 2111 95 2159 ta
110 2097 147 2160 &
160 2093 377 2158 undevicesima
390 2094 555 2192 legionibus
563 2099 623 2181 ,ait
634 2116 698 2176 ,eas
714 2093 790 2178 apud
805 2093 867 2156 sex-

63 2177 227 2261 agesimum
246 2175 394 2260 lapidem,
415 2198 447 2239 rn
462 2178 552 2258 loco,
571 2179 621 2242 cui
634 2177 740 2240 Vetera
753 2193 867 2238 nomen

66 2257 155 2342 esset,
175 2257 360 2339 hibernasle,
379 2278 454 2353 quae
476 2260 549 2322 ratio
573 2259 689 2322 nostrae
713 2259 868 2321 ratiocina-

69 2340 146 2402 tioni
160 2340 248 2423 plane
262 2340 297 2403 &
307 2359 437 2403 omnmo
444 2358 612 2422 congruens
620 2339 675 2404 est:
695 2354 778 2402 tanto
784 2337 867 2401 enim

67 2419 224 2483 intervallo
240 2420 385 2504 oppidum
406 2419 619 2486 Xandieniium
637 2423 650 2499 (
667 2419 775 2484 Vetera
786 2418 868 2490 ,haec

67 2500 211 2580 fuerunt)
234 2500 338 2565 Bonna
351 2499 446 2565 distat.
466 2503 552 2583 Fuit,
573 2522 643 2566 cum
661 2499 869 2581 existimarem,
947 2569 949 2576 Α

66 2583 150 2646 hanc
166 2580 314 2645 Vbiorum
328 2603 409 2649 aram
424 2581 506 2646 sitam
521 2583 605 2647 fuisse
621 2586 652 2644 in
666 2603 733 2646 arce
749 2581 867 2644 Godes·

67 2664 171 2746 berg,
199 2682 273 2745 quae
301 2663 343 2726 est
372 2663 597 2749 Archiepiscopi
620 2663 807 2728 Coloniensrs
830 2659 869 2724 ad

88 2747 208 2809 uintum
225 2743 285 2807 fere
298 2745 423 2828 lapidem
439 2746 522 2830 supra
538 2745 673 2809 Bonnam
683 2745 697 2820 ,⁸
712 2742 793 2827 quod
806 2741 870 2803 illic
901 2754 903 2761 '

98 2845 173 2889 num
194 2823 359 2909 AEsculapii
376 2825 461 2890 fuisse
485 2847 520 2890 ex
545 2827 734 2910 inscriptione
756 2825 870 2907 antiqui

64 2905 172 2992 lapidis
193 2904 357 2991 constaret,
376 2909 412 2972 &
433 2907 587 2972 verisimile
603 2909 770 2988 videretur,
789 2925 870 2968 aram
895 2978 899 2988 ,

66 2991 99 3052 in
120 2987 248 3051 editiore
269 2985 342 3052 loco
364 2991 497 3072 positam.
537 2989 669 3072 Hocque
697 2987 771 3049 adeo
795 2989 871 3050 mihi

65 3070 240 3158 persuaserat
261 3068 378 3136 illustris
392 3070 504 3139 Noave
518 3069 629 3158 aquilae
646 3065 874 3204 (usuraria).
