2152 3566
156 199 203 275 80
283 181 871 274 Onsssqu‘z‘1oruts'¹

164 407 170 415 ·
201 377 304 450 Ratio
327 377 522 449 numerandi
545 399 605 468 per
627 369 729 446 Eram'
749 378 908 472 abrogata
924 371 983 454 fuit

150 477 218 550 Era
247 499 352 566 1421.
379 476 502 560 idest,
527 495 614 546 anno
639 475 760 544 Christi
786 479 891 568 1383.
918 475 983 548 Era

148 581 249 672 igitur
272 596 333 668 97.
366 574 428 646 fuit
459 593 565 667 ¹397·
596 595 670 664 quae
694 573 871 664 respondet
893 597 984 645 anno

148 675 270 746 christi
292 694 395 766 1339·
421 673 515 766 cujus
528 675 604 743 anni
618 672 843 764 proculdubio
856 676 902 744 est
912 676 981 745 hoc

145 773 322 869 regestum.

193 870 359 968 Quartum
383 868 525 957 denique
538 865 591 936 ‘fic
616 866 742 939 habet:
777 865 876 938 Datis
897 865 975 940 Der·

145 965 237 1068 tuffie
263 993 294 1039 2.
338 968 406 1039 idus
428 966 539 1062 aprilis
560 987 639 1034 anno
661 959 811 1038 XXXII.
859 965 980 1060 (Datis

144 1068 265 1142 Xau've
284 1089 312 1154 3.
343 1089 437 1135 nonas
461 1066 557 1137 madii
578 1085 657 1132 anno
679 1062 848 1155 XXXII.)
877 1067 977 1139 Datis

143 1166 290 1238 Valentie
305 1163 349 1236 X.
372 1163 445 1235 Kal.
468 1163 631 1234 Februarii
652 1183 731 1230 anno
745 1159 855 1234 XXX.
882 1167 976 1235 Ami·

144 1273 205 1337 c'us
228 1285 340 1347 meus,
365 1265 422 1354 qui
444 1283 567 1332 nomen
588 1259 678 1329 suum
697 1263 796 1330 taceri
813 1261 904 1347 vult,
931 1269 976 1334 ait

143 1364 213 1434 hoc
227 1363 417 1432 adnotatum
436 1359 525 1430 suissi'
541 1359 613 1449 post
627 1379 747 1427 annum
769 1379 874 1450 1300.
899 1365 976 1453 quia

141 1461 297 1530 foliolum
323 1460 389 1528 hoc
413 1477 578 1549 repertum
604 1455 665 1526 suit
688 1460 721 1526 in
744 1455 832 1528 libro
854 1459 976 1557 Regiae

142 1555 358 1630 Cancellariae
387 1553 515 1625 Alfonfi
538 1577 584 1624 ιν.
638 1554 743 1646 Regis
766 1556 974 1650 Aragonum.

141 1655 198 1728 Tu
229 1657 300 1727 haec
328 1656 438 1724 omnia
460 1670 612 1722 accurate
637 1654 849 1743 perpendes,
883 1655 976 1730 &in

142 1755 235 1826 usum
260 1773 352 1825 tuum
367 1751 559 1843 applicabis.
607 1749 699 1820 Idem
717 1756 842 1824 amicus
860 1778 974 1843 meus,

140 1856 175 1922 in
197 1851 378 1920 Tabulario
399 1849 555 1928 Ecclefiae
570 1849 741 1920 Toletanae
758 1850 840 1922 vidit
856 1875 974 1944 quam·

140 1949 297 2042 plurimas
334 1949 460 2020 chartas
494 1973 513 2018 e
546 1950 617 2019 lino
651 1947 784 2038 scriptas
817 1971 974 2043 tempore

141 2046 261 2117 Sanffli
284 2067 512 2135 cognomento
537 2045 693 2128 Ferocis,
719 2043 754 2118 ὅ(
777 2053 975 2122 nominatim

140 2149 286 2216 rationes
304 2141 480 2236 originales
497 2144 644 2236 ejusdem
661 2141 777 2235 Regis.
827 2147 895 2220 Sed
913 2151 976 2218 mi-

139 2255 212 2314 rum
238 2261 307 2312 non
331 2242 402 2327 est,
435 2261 512 2312 cum
537 2241 724 2336 hujusmodi
748 2242 899 2330 Charta,
935 2267 974 2318 ut

139 2361 207 2435 ego
222 2339 390 2423 existimo,
415 2342 581 2432 antiquior
597 2339 644 2411 fit.
673 2337 840 2430 Judicium
856 2365 975 2434 tuum,

138 2435 260 2530 &jussa
269 2439 366 2507 etiam
377 2442 528 2529 expeRo.
547 2437 650 2521 Vale,
663 2438 844 2510 litterarum
854 2443 974 2515 decus.

139 2537 246 2610 Olivae
262 2557 335 2606 x1v.-
355 2534 430 2607 Cal.
455 2537 617 2633 Augustas
635 2536 701 2609 An.
726 2557 907 2611 macoma
966 2619 988 2632 μ
