2138 3570
236 233 298 305 Dr
324 235 449 308 Ouio.
477 233 645 308 Cunur.
670 229 839 308 utura.
917 257 966 362 32

472 414 504 504 ι.
530 411 614 486 XV.

173 610 236 682 Vsu
252 611 433 682 fidismodo
451 609 514 681 illo
531 609 686 705 magistro
690 601 894 696 edusius,
873 630 956 701 quot

116 708 310 799 imposuisse
334 711 529 800 cupidinem
553 709 693 794 videre,
726 710 817 824 quod
839 707 956 780 volue-

118 829 219 890 ιιιιιι,
246 809 441 876 vocabam
433 827 551 878 iterum
567 809 752 897 iterumque
769 809 801 877 in
818 804 958 904 dubium

115 905 215 976 illam
232 903 387 976 tabulam.
422 906 563 986 Licetne
576 905 725 976 antestari
735 905 853 988 Viros,
869 897 957 995 quos

117 1001 182 1074 alit
198 1000 358 1096 Princeps
376 1003 598 1096 Aequissrmus
619 1006 812 1076 meritorum
832 999 956 1092 ludex',

116 1102 170 1172 rei
187 1101 422 1194 diplomaticae
439 1102 673 1195 peritissrmosi
697 1101 833 1174 Licebit
848 1120 958 1174 aeter·

115 1220 201 1271 num
226 1205 366 1276 memori
390 1223 507 1273 eorum
529 1201 695 1272 facilitatis
719 1221 755 1272 et
773 1203 963 1274 humaniter-⁷

117 1301 178 1384 tis,
205 1319 271 1389 qua
293 1319 499 1392 exceperunt
521 1299 746 1391 foueruntque
771 1299 869 1390 plane
895 1300 963 1370 lin-a

119 1395 246 1493 gulosi,
272 1399 380 1490 vt⁵ipsr
399 1400 595 1492 loquantur,
620 1417 745 1490 quanta
762 1396 962 1468 sollicitudi-⁴

118 1517 165 1566 ne
182 1516 266 1565 eam
277 1515 345 1591 ego
368 1499 559 1589 exploraui,
584 1517 649 1568 nec
673 1499 763 1587 priua
779 1497 956 1588 adquieui,

119 1613 223 1685 quarn
246 1594 325 1665 dum
351 1595 459 1668 seusus
481 1597 621 1668 durerirn
635 1603 724 1687 pen'e
741 1615 859 1665 omnes
875 1615 959 1668 con

118 1692 277 1784 spirantes
301 1715 345 1765 eo
367 1717 421 1768 me
435 1695 629 1790 affigerent,
653 1714 689 1763 vt
705 1693 791 1762 nihil
803 1691 959 1766 esset
907 1715 959 1763 re

118 1792 222 1882 liqui,
239 1792 331 1882 quod
347 1796 401 1866 vel
415 1797 586 1884 minimam
603 1791 795 1881 suspicionis
811 1789 958 1883 speciem

120 1911 201 1982 prae
232 1887 263 1960 se
298 1889 412 1965 ferret.
471 1890 554 1987 Quo
579 1889 706 1966 fortius
736 1889 957 1964 reluctabatur

123 2009 220 2058 mens
241 2010 334 2076 mea,
368 2013 412 2062 eo
436 1991 556 2064 fortius
581 1991 869 2076 concinnebant,
903 1989 961 2068 fila.

121 2108 189 2156 nec
207 2088 407 2201 bombycina
421 2091 490 2164 esse
507 2087 613 2160 serica
623 2107 733 2182 neque
752 2110 792 2160 ex
806 2087 882 2162 linis
896 2093 966 2181 ,ιιι-ἑ
1023 2129 1027 2142 .

119 2186 196 2256 linis
219 2189 333 2272 nucis,
359 2211 459 2305 quae
466 2185 635 2286 gossrpiou
654 2185 719 2258 siue
732 2187 848 2277 xylon
869 2185 955 2273 fert,

118 2287 215 2354 cuius
240 2306 281 2354 ex
305 2289 462 2362 interiore
491 2289 666 2376 bombyce
686 2287 812 2398 lanugo
838 2304 957 2370 netur,

115 2383 174 2454 sed
191 2383 279 2456 linea
297 2381 377 2457 esse
428 2385 543 2458 Fuerit
561 2405 672 2456 autern
689 2383 820 2454 circiter
842 2382 965 2488 osiaua

116 2477 275 2576 plagulae
300 2505 373 2572 pars
398 2483 464 2558 fine
487 2481 561 2556 solii
587 2483 658 2557 satis
658 2464 844 2580 glutinata
864 2499 898 2548 et
914 2477 958 2576 eit

120 2579 216 2654 senio
233 2577 388 2654 subflaua.

356 2766 361 2776 ¹
456 2682 487 2772 ι.
512 2679 622 2754 xur.

172 2876 362 2953 Literarum
376 2880 485 2950 forma
506 2898 573 2950 non
591 2879 638 2950 est
654 2875 736 2958 alia,
760 2893 959 2965 quamquam

121 2983 262 3050 ineunte
286 2978 399 3048 seculo
424 2997 542 3068 quarto
566 2977 701 3050 decimo
721 2970 846 3044 vsrtatas
863 2967 962 3043 fuisse

120 3099 173 3154 tot
202 3074 307 3150 millia
332 3078 596 3240 membtaparum
619 3071 708 3148 illius
731 3075 804 3146 aeui
824 3071 902 3216 satipq
911 3084 962 3129 ar·-

531 3195 552 3260 4
859 3181 879 3251 a
904 3175 963 3216 rr*
