2170 3576
228 260 297 324 ιω
314 231 382 316 ΒΕ
395 235 527 314 TUM.
544 231 643 337 CAJI
660 232 731 312 ET
750 233 828 311 LU
836 235 907 313 cn
918 235 1030 311 CAES.

225 367 443 461 memorabile,
459 363 522 466 sab
543 367 638 439 initia
647 365 896 466 slt'pendiorum
909 385 1033 436 menneo

225 467 350 541 tribuna
366 466 506 537 militurn
525 461 604 534 mihi
622 461 724 558 visere
743 467 896 560 contigit.
930 461 1036 532 Dein·

226 563 289 639 de:
313 564 415 637 Prior
439 559 587 634 Parthus
614 560 703 653 apud
725 561 857 655 Cajum
878 562 911 630 in
934 557 1041 650 nostra

228 663 323 830 nn
342 654 1043 850 arnonerenonem

231 853 401 950 ingresus,
421 853 530 944 prima
541 778 637 943 pparte
653 853 808 922 introitus
823 849 971 944 prospere
977 845 1042 944 ges-

224 956 293 1048 fit:
320 973 392 1020 mou
409 955 444 1019 n'rt
459 949 639 1042 colloquium
652 949 779 1018 veniens
794 945 884 1046 (cui
888 944 929 1041 se
946 960 1040 1016 teme·

231 1063 266 1120 re
290 1047 487 1136 crediderat)
515 1049 600 1116 circa
627 1049 827 1140 Artageram
850 1047 1006 1138 graviter
1021 1065 1044 1112 a

233 1145 396 1240 quodam,
429 1143 548 1213 nemine
580 1141 726 1226 Adduo,
757 1143 960 1212 vulneratus
993 1139 1044 1234 es.

236 1239 305 1312 Sed
330 1238 455 1323 aliter,
478 1259 518 1309 ac
550 1234 620 1310 fine
648 1235 767 1310 fraude
790 1237 979 1329 veritatis,
1003 1255 1041 1310 ut

235 1335 383 1504 illl}
409 1353 600 1503 ea{lille
613 1330 1043 1503 ”tlttlltmzlltn

228 1454 452 1624 praefecerat?
463 1529 818 1622 stmulataproditione,
845 1528 1041 1599 adanusvi·

232 1649 306 1697 rum
339 1621 513 1726 (Cujum')
543 1626 697 1696 intentum
717 1625 816 1698 libello
841 1677 856 1718 ,
886 1646 977 1719 quern
1000 1641 1042 1696 ut

234 1715 451 1818 thesaurorum
463 1722 605 1792 rationes
636 1721 858 1808 cantimntm,
882 1718 945 1817 ipse
959 1737 1038 1814 prr·

236 1832 382 1909 rexerat,
398 1817 508 1912 strido
517 1815 1036 1912 semocruentatvulnereintern·

177 1951 188 1984 ,ι
229 1917 321 2008 pore.
356 1919 502 1988 Ceterum
517 1914 673 1986 barbarus
687 1913 1037 2011 undiqueinftsloexer·

236 2015 303 2083 citu
319 2013 492 2106 oppresus,
513 2010 620 2105 gladio
636 2011 677 2090 &
687 2031 789 2104 pyra,
815 2015 1041 2108 inqoameurn

134 2131 137 2139 ·
229 2109 388 2201 pertusus
412 2110 564 2202 immisto,
582 2104 746 2202 superstiti
758 2112 941 2181 etiamnum
960 2113 1043 2182 Cae·

227 2201 304 2297 sari
315 2189 489 2303 satisfecit.
542 2202 740 2298 Suspefiium
764 2226 851 2276 vcro
877 2205 1039 2302 atqueub

237 2315 309 2372 atra
334 2299 478 2399 loligine
504 2297 701 2398 profeiium
724 2302 762 2374 ὅ(
780 2301 854 2376 hoc
872 2301 923 2374 est
941 2302 1038 2399 quod

236 2395 391 2492 sequitur
414 2399 449 2470 in
465 2393 624 2493 Vellejo:
650 2397 706 2468 Eu
718 2423 771 2490 en,
794 2415 831 2473 ut
846 2420 961 2492 corpus
975 2403 1037 2472 mi·

239 2516 297 2566 nus
317 2495 441 2579 habile,
462 2495 513 2564 ita
529 2495 669 2569 ammam
687 2498 788 2568 minus
805 2499 920 2569 utilem
935 2499 1036 2590 reopa-

238 2591 335 2664 blicae
359 2591 593 2684 habere-eoepit.
641 2594 714 2664 Nnc
728 2591 1038 2688 desuitconverfintio

236 2686 420 2774 hominum,
442 2689 529 2758 vitia
551 2688 618 2782 ejus
642 2690 842 2783 asentatione
857 2691 1035 2780 numum,

229 2799 289 2878 per
304 2809 386 2879 quae
398 2809 431 2856 ee
446 2786 558 2855 datius
577 2800 671 2871 erat,
693 2800 730 2858 ut
746 2790 781 2858 in
800 2790 914 2860 ultimo
935 2808 1032 2858 acre·

229 2881 390 2968 ratissimo
407 2895 568 2986 terrarum
586 2881 669 2952 orbis
685 2887 799 2978 angulo
819 2882 1028 2981 consenescere,

255 2998 329 3043 unm
354 2980 494 3048 Romam
508 2979 627 3071 regredi
640 2983 758 3050 mallet.
808 2977 874 3052 His
892 2977 1026 3075 gemina

232 2997 336 3140 labet
361 3071 436 3143 Dio
456 3077 547 3168 apud
570 3071 765 3170 zoninum,
788 3079 1024 3184 Romanorum

232 3189 240 3200 ·
942 3189 1031 3244 vms
