2138 3570
206 213 273 289 Da
295 214 426 290 Ortro.
447 213 621 286 Curnr.
647 213 811 288 Lrnrm.
889 219 934 314 tq

95 395 225 494 gisnei
242 396 436 485 arraeigena
470 397 573 479 1745.
599 393 643 463 N.
664 415 723 482 52.
749 397 936 492 quibusque

101 495 266 585 antiquius
280 497 315 565 in
332 496 398 563 hoc
414 511 537 587 genere
549 489 786 564 documentum
799 493 934 568 Gottin-

102 593 208 689 genhs
226 591 377 663 Societas
391 613 422 662 a.
445 606 550 682 1755.
576 609 779 684 cognoverat
793 594 934 668 trullum.

98 691 176 764 Nos
201 713 282 762 vero
300 695 332 760 in
350 687 570 759 Bibliothecae
586 684 749 760 Hulsianae
766 689 936 788 Catalogo

100 786 178 860 sum
206 789 237 860 Ι.
250 807 287 883 p.
303 808 381 876 331.
401 783 598 856 offendimus
612 785 733 857 librum
747 809 845 880 apum
863 791 936 886 (bet

95 890 170 960 buti
185 887 238 958 der
256 883 352 982 hyan)
369 882 580 956 Francosurti
595 907 625 953 a.
647 904 751 978 1330.
777 885 934 980 scriptum

98 991 136 1058 in
160 987 276 1056 charta
293 1036 305 1070 ‚
339 983 432 1076 quod
455 981 498 1052 de
518 982 686 1076 gossypina
703 1005 746 1054 eo
763 989 870 1058 minus
885 990 935 1058 in·

101 1083 322 1178 telligendum
340 1102 445 1173 puto,
469 1083 627 1170 quianon
642 1085 937 1158 meminimecon·

100 1180 237 1273 spexiise
259 1201 404 1268 unquam
429 1178 525 1270 hujus
542 1200 665 1250 naturae
682 1202 934 1256 monumentum

99 1279 296 1352 Teutonico
315 1276 477 1348 sermone.
527 1275 561 1346 Si
577 1279 651 1368 quis
669 1299 779 1350 tamen
797 1283 831 1351 id
846 1281 935 1374 soate

100 1383 133 1450 in
149 1377 410 1450 controversum
426 1393 546 1459 vocet,
561 1398 616 1446 aut
632 1376 749 1447 indicis
762 1377 857 1472 huius
870 1403 936 1451 nae·

99 1499 161 1549 vos
186 1496 367 1568 opponat,
400 1495 476 1546 eum
504 1475 654 1568 ignorare
677 1475 800 1564 nolim,
828 1478 935 1552 uidisse

101 1597 156 1646 me
173 1578 260 1646 inter
275 1572 379 1644 libros
389 1570 655 1669 lsaacsseLnng,
669 1593 772 1664 quum
782 1597 812 1649 a.
830 1598 934 1671 ¹744·

102 1671 345 1748 Amiselodami
368 1669 644 1757 distraherentur,
677 1671 784 1743 Biblia
806 1697 866 1767 pet
882 1675 936 1768 Ja-

102 1774 226 1844 cobum
244 1768 480 1842 Muerlamium
495 1768 632 1862 Belgice
650 1769 775 1842 reddita
791 1823 802 1858 ‚
835 1775 937 1867 inque

104 1873 217 1942 charta
231 1870 360 1962 vulgari
375 1885 505 1936 exarata
519 1887 548 1934 a.
569 1887 673 1956 1322.
693 1868 733 1937 de
746 1872 840 1960 queis
854 1895 939 1965 prae·

105 1989 194 2040 terea
218 1967 307 2037 testis
327 1964 373 2034 est
391 1960 573 2058 Catalogus
589 1964 684 2056 hujus
699 1967 935 2058 Bibliothecae,

105 2067 197 2138 diciae
210 2057 437 2160 stiehifflmae‚
463 2063 548 2132 inter
572 2061 694 2134 Codices
717 2063 795 2160 Mffi
820 2071 852 2139 iu
870 2067 936 2142 Fui.

104 2166 146 2236 N.
172 2187 206 2250 3.
233 2163 327 2245 imo,
353 2161 432 2232 iicet
452 2163 601 2232 auctores
622 2162 783 2236 Chronici
803 2169 937 2238 Gotwi·

103 2264 235 2346 censu,
273 2259 357 2334 Tum.
386 2260 411 2330 l.
446 2277 477 2350 p.
502 2281 555 2346 ¹3·
587 2260 708 2331 chartae
731 2262 825 2336 lineae
843 2265 936 2336 usum

103 2362 227 2434 saeculo
242 2360 375 2430 demum
392 2357 483 2428 XIV.
500 2359 664 2428 inveiium
678 2363 710 2428 in
723 2361 936 2434 Germaniam

104 2461 329 2541 crediderint,
350 2456 493 2545 suspicor·
507 2477 637 2539 tamen,
652 2461 856 2550 antiquiores
867 2461 935 2532 iliic

103 2557 241 2628 schedas
271 2553 420 2648 reperisse
452 2553 525 2624 Vas.
559 2551 658 2624 Ferd.
686 2556 727 2627 de
752 2559 935 2647 Gudenu8‚

105 2675 212 2746 quum
235 2658 268 2726 in
290 2654 404 2746 Syllog.
433 2673 503 2722 our.
528 2652 650 2744 diplom.
679 2655 712 2724 in
731 2651 821 2748 prus.
845 2673 878 2750 p.
902 2677 936 2731 2.

104 2755 194 2823 hanc
210 2753 371 2843 epocham
390 2751 463 2839 post
479 2774 508 2820 a.
532 2752 635 2822 1280.
660 2750 776 2822 fixerit.

154 2847 196 2920 In
213 2849 322 2922 Gallia
335 2847 555 2920 MabiHonius
570 2869 638 2918 non
657 2847 837 2925 offenderet
852 2857 935 2926 anti·

104 2951 204 3042 quius
219 2952 251 3020 in
265 2949 331 3020 hoc
345 2968 467 3042 genere
482 2947 718 3018 documentum
732 2945 937 3042 literisJoin·

104 3047 204 3128 villaei
228 3047 270 3122 ad
293 3045 504 3120 Ludovicuur
528 3043 574 3116 X.
592 3043 730 3114 dietum
753 3043 937 3127 trutinum,

880 3144 938 3231 qui
