2154 3566
137 198 210 288 168
288 183 887 271 mummolus*

132 373 346 448 documento·
374 370 658 463 membranaceo,
690 398 711 449 n
752 371 900 450 Decnno
928 372 981 454 1&

132 491 298 546 conventu
325 471 462 546 fratrum
486 477 650 550 minorum
671 474 792 548 domus
818 475 980 552 Northu·

132 571 255 656 sensis,
288 570 491 646 Consulibus
531 569 569 646 dt
606 576 835 646 communitati
873 576 981 669 hujus

131 671 300 756 civitatis,
337 671 383 740 oh
428 673 614 762 pomarium
660 671 718 744 libi
760 673 976 761 concellum,

131 768 334 855 Stendtliae‚
375 791 462 840 anno
499 791 622 862 1312,
657 771 763 858 dato,
794 771 975 844 observare

131 866 214 938 mihi
230 868 357 954 uideor.
405 865 535 963 Quidni
551 873 652 966 igitur
664 871 731 964 jam
745 891 833 942 anno
852 889 973 962 1294,

131 985 232 1057 quem
253 967 359 1036 innuit
382 964 556 1056 schedula,
582 970 755 1060 eamdem,
779 967 972 1054 inGulliis‚

132 1063 294 1135 scribendi
340 1067 501 1136 tationem
548 1068 730 1139 adhibitam
778 1068 973 1141 tueremur?

131 1164 302 1250 Accedit,
336 1164 428 1252 quod
449 1163 561 1236 charta
584 1169 655 1238 haec
678 1187 756 1237 cum
780 1165 971 1262 goll'ypina‚

132 1283 172 1332 ca
196 1282 291 1334 aetnte
314 1261 421 1332 tdhuc
445 1262 577 1350 usitata,
602 1267 729 1338 tatione
753 1265 968 1357 compulitio·

131 1363 206 1445 nis,
239 1379 417 1432 commune
441 1362 522 1449 quid
547 1363 670 1434 habere
695 1363 862 1450 videumr,
886 1363 968 1433 dum

133 1457 263 1530 cmffiot
286 1455 508 1547 aliquantum,
542 1459 699 1548 &lirim
733 1465 766 1534 in
789 1461 876 1532 linea
894 1461 968 1551 ple·

131 1575 270 1647 rumque
300 1557 436 1640 obviis,
473 1558 635 1632 destituta.
684 1557 842 1652 Denique
865 1562 967 1629 etiam

132 1656 242 1726 uerbis
264 1656 361 1725 amici
383 1653 535 1748 Majanfii
556 1678 793 1745 commoveor,
817 1659 875 1750 qui
891 1677 967 1727 enm

132 1755 230 1824 nobit
254 1753 423 1840 contulit,
456 1757 517 1826 uiri
542 1755 653 1842 dotti,
686 1753 776 1831 &in
801 1753 968 1828 tabulariis

132 1851 355 1938 verlatilllmi3
387 1857 529 1950 graviter
561 1856 816 1942 contendentis,
852 1853 966 1947 (obs.

130 1969 165 2036 p.
196 1951 305 2043 93),
342 1953 493 2040 eodem,
531 1977 630 2044 quem
663 1953 817 2026 schedula
841 1975 909 2045 prae
933 1952 966 2022 se

131 2040 214 2131 sert,
241 2067 347 2130 anno,
374 2050 526 2120 codicem
543 2073 709 2124 exaratum
726 2051 835 2138 inille,
860 2051 967 2123 idem·

130 2163 196 2234 que
210 2142 243 2214 se
257 2145 363 2234 probe
383 2145 504 2216 habete
520 2169 739 2238 compertum.

132 2285 139 2298 „
177 2241 224 2312 At
248 2262 347 2326 veto,
372 2241 395 2309 st
420 2242 486 2312 hoc
502 2264 636 2336 quoque
655 2245 707 2316 vel
725 2246 865 2316 maxime
882 2264 966 2317 con·

130 2338 305 2423 cedamus,
330 2338 413 2410 nihil
437 2361 545 2412 tamen
570 2363 632 2436 pto
658 2345 769 2415 charta
793 2345 880 2414 linea
901 2341 966 2415 Hi·

131 2437 258 2530 spanicu
288 2437 430 2509 evilium
455 2444 527 2512 erit.
579 2439 661 2514 Huc
685 2446 798 2530 enim,
832 2443 874 2514 de
897 2465 965 2538 qua

132 2537 333 2621 differimus,
365 2535 504 2610 Gallicae
528 2542 664 2635 originis
691 2542 748 2613 est.
797 2539 965 2614 Novimus

131 2657 264 2723 nutem,
301 2635 522 2709 Mabillont'um
541 2640 608 2732 jam
631 2640 801 2732 epistolam
825 2640 965 2733 Joinvil·

131 2732 176 2804 lei
208 2737 250 2806 nd
284 2733 495 2806 Luduvicum
525 2735 718 2824 liminum,
751 2744 836 2832 qui,
872 2744 965 2812 annis

131 2832 173 2897 nb
201 2854 293 2924 1314
309 2835 413 2916 binis,
440 2836 473 2905 in
490 2834 771 2911 Franco-Gallus
788 2839 964 2929 imperium

133 2931 261 3013 tenuit,
304 2932 468 3024 ejusmodi
505 2935 617 3007 charta
657 2935 809 3034 scriptam
850 2936 964 3008 detex-

135 3057 141 3070 ·
923 3058 965 3108 ts·
