2140 3578
209 185 259 278 'ar
349 180 431 254 uu
456 149 933 254 Auruncorum.

212 310 260 401 (fi
283 323 395 379 tamen
419 306 528 400 proba
554 303 605 376 est
631 305 760 378 utravis
789 303 994 408 lenimur
1020 357 1024 362 -

211 421 292 494 tas,
319 405 475 476 Romanis
493 400 610 503 soria,
635 401 695 496 qui
721 402 904 498 proxime
926 405 996 476 tur-

212 523 297 572 num
315 515 447 597 partem
462 499 537 598 agri
554 499 594 569 ab
608 495 712 569 Vbiis
731 496 856 570 relicti
872 521 1008 596 occupa
1050 546 1051 562 κ

213 615 365 690 verant,
399 595 625 684 Annal.X111.
644 612 699 688 57.
751 593 1011 670 Sicambrorurn
1044 574 1052 652 i

215 689 482 786 Vbiorumque,
506 715 525 762 a
542 694 591 761 M.
606 689 767 788 Agrippa
785 689 829 762 &
848 692 1016 782 Tiberio,

215 809 256 862 ut
273 785 536 884 supradictum,
562 787 597 858 in
610 785 760 857 Galliam
767 787 1015 862 traductorum

215 883 404 981 reliquium¹
425 887 589 957 Strabone
604 881 718 956 indice
738 879 808 954 lib.
829 883 911 960 IV.
941 884 1016 958 [nfi-
1050 977 1051 981 Ἴ

217 1004 293 1054 mae
306 979 404 1053 sortis
419 981 594 1070 homines,
619 997 658 1052 ut
674 979 820 1075 opinor,
850 983 922 1076 qui
972 983 1011 1053 ri·
1049 983 1050 987 ’

220 1081 390 1152 culturam
414 1094 641 1151 exercerent:
665 1093 803 1147 tantum
832 1077 962 1152 ditiorr
983 1101 1016 1149 us

221 1174 259 1248 bt
281 1178 340 1273 qui
356 1193 581 1247 mercaturam
599 1197 681 1246 cum
697 1171 823 1244 Galliis
843 1176 1014 1267 facerent,

220 1271 329 1344 solum
348 1272 572 1343 vertentibus.
597 1267 849 1365 Videnturque
858 1291 920 1345 aut
931 1279 1016 1344 Ten-

222 1365 323 1440 &eris
344 1367 541 1462 ,Vfipetisve
568 1367 762 1465 permixti,
793 1386 860 1462 aut
886 1369 939 1441 his
959 1392 1012 1440 ex·

222 1463 327 1556 pulsrs
352 1464 486 1558 alioque
510 1461 812 1549 concedentibus,
852 1465 924 1538 illic
937 1466 1013 1536 tm

222 1578 428 1657 penatesque
454 1559 649 1633 collocaffe.
698 1557 767 1631 Sed
784 1560 826 1634 δε
841 1561 1008 1660 Juhonum

222 1657 309 1729 latus
332 1681 372 1730 ac
397 1675 537 1757 tergum
563 1653 674 1729 versus
700 1654 905 1752 superiorem
920 1657 1008 1729 Rhe-

224 1777 310 1826 num
335 1756 496 1829 Mattiaci
519 1754 683 1828 clausere:
708 1754 768 1850 qui
793 1753 1007 1848 provincitiet

227 1851 375 1923 erant&
391 1853 569 1925 Romanae
584 1850 745 1924 ditionis.
768 1849 892 1948 (Vid.
912 1851 1006 1924 Taci·
1061 1893 1062 1900 κ

226 1966 284 2019 tus
301 1947 518 2034 German)
543 1948 701 2045 sedesque
725 1946 903 2022 habebant
936 1950 1007 2022 inter
1060 1943 1062 2066 i

225 2043 304 2114 illos
329 2045 366 2115 &
392 2044 560 2116 Sedusros.
608 2045 706 2118 Nam
715 2046 923 2140 protulerat,
946 2062 1012 2118 ante

227 2140 309 2210 Vari
334 2137 487 2226 cladem,
511 2140 585 2239 (ita
602 2139 718 2214 noster
732 2141 828 2244 ic.)
843 2142 1009 2237 aegritudo
1059 2135 1062 2238 i

223 2237 330 2332 populi
346 2237 486 2308 Romani
504 2242 592 2310 ultra
609 2238 756 2312 Rhenum
772 2243 914 2335 ultraque
928 2252 1012 2309 vete-

229 2356 279 2407 res
304 2336 448 2408 terminos
471 2337 594 2430 imperii
616 2339 838 2410 reverentiam.
884 2339 962 2409 Hoc
979 2337 1011 2406 in

230 2430 485 2504 Mattiacorum
509 2455 614 2530 agro,
640 2453 706 2530 qua
729 2433 906 2507 Rhenum
922 2431 1011 2506 attin·

229 2527 305 2694 ῗίῑ,
329 2531 453 2625 (Juvat
469 2553 512 2601 eo
529 2551 711 2614 excurrere
729 2531 765 2602 io
775 2533 927 2628 gratiam
935 2525 1007 2603 Nas-

244 2622 418 2710 ariorum,
448 2648 605 2699 meorum
625 2626 870 2724 popularium)
889 2636 1009 2704 Veren-

232 2721 322 2792 viam
369 2724 557 2818 complexo
588 2740 824 2822 terrarumque
854 2724 1008 2810 tractum,

162 2855 164 2859 v
233 2839 336 2910 quem
383 2817 487 2896 hodie
527 2827 594 2899 ortt
636 2823 886 2914 {terraemotu
923 2840 1011 2895 roca·

233 2933 332 3003 mus,
358 2914 489 2989 Tacito
514 2917 714 3013 superstite,
740 2941 852 2990 rerum
867 2921 1010 3016 potiente

233 2999 469 3104 Vespasrano,
503 3012 646 3086 Curtius
682 3013 829 3106 Rufus,
868 3008 1009 3185 infegori

966 3127 1014 3179 et·

1046 141 1057 209 ,i
