2140 3578
281 245 383 320 Lm.
409 247 439 320 1.
489 241 605 324 CAP.
629 243 679 317 11.
833 249 884 346 37

16 391 21 446 ὲ
71 367 151 441 vili
180 392 251 442 non
270 369 405 444 constet
421 369 508 442 ratio
515 399 528 455 3
557 388 597 441 ut
615 367 712 464 supra
734 364 884 443 distum·

16 471 19 516 f
79 462 180 540 Nec
200 466 321 564 video,
345 465 636 579 quemadmodum
652 461 788 537 satisfiat
807 488 886 539 ver·

16 591 18 618 ι
77 562 141 633 bis
160 563 308 658 Taciti,
334 563 550 638 d1&antisde
568 579 649 633 toto
666 558 818 634 fluminis
836 563 884 636 al·

15 673 20 716 ἑ
77 681 177 738 veo,
201 660 322 733 τεΙίἃο
349 663 541 732 Germanos
565 658 657 729 inter
680 655 717 727 &
733 662 887 733 Batavos.

15 773 20 815 2
76 754 212 844 Adde,
237 757 330 854 quod
355 756 390 827 id
408 757 539 830 fafitum
556 753 677 827 Civilis
693 750 884 830 ficsefera·
910 786 913 809 ¹

15 871 16 878 ¹
63 867 151 932 ,tur
175 853 325 946 nostro,
348 869 387 925 ut
411 877 484 926 non
508 853 567 924 diu
585 849 750 944 posthinc
766 847 885 949 super.

15 965 21 1013 ι
77 944 188 1017 fuiffe
203 947 368 1021 videatur.
399 952 528 1022 Fece'rat
551 947 699 1020 Rhenus
717 949 887 1041 (dmm-

15 1065 17 1108 :
78 1040 208 1119 τελικδς
245 1043 381 1142 χρὸνας)
414 1045 671 1119 continentium
715 1060 888 1120 terrarum

15 1165 18 1208 ι
77 1139 262 1237 speciem:
292 1164 392 1238 puta,
417 1141 585 1242 flagrante
599 1139 693 1212 bello
709 1139 789 1227 illo,
811 1165 886 1216 non

15 1263 17 1286 ÷
80 1237 192 1310 ultra.
218 1239 347 1338 Neque
363 1261 450 1340 ergo
467 1236 660 1319 =intercedit
679 1235 884 1312 Pliniusl.c.

15 1361 19 1404 ι
81 1332 202 1407 ferens
228 1336 391 1410 Rhenum
410 1338 483 1408 duo
499 1338 590 1410 inter
605 1330 711 1427 ostia,
735 1333 886 1409 Helium

16 1493 17 1498 ,
82 1430 129 1502 δε
155 1430 338 1530 Flevum,
368 1436 468 1507 medio
491 1459 570 1526 ore,
595 1431 751 1504 modicum
768 1434 888 1528 nomini

15 1555 19 1602 t
74 1526 145 1624 suo
160 1529 309 1620 custodire
321 1535 457 1605 alveum.
482 1526 885 1629 Loquiturenimdeflu·

14 1655 18 1698 ι
84 1626 211 1720 mine,
235 1628 332 1722 quale
354 1646 431 1700 tum
448 1626 587 1699 &ante
612 1623 680 1714 fuit
705 1622 885 1700 ordinarie.

83 1719 196 1794 Proin
219 1722 299 1796 alibi
329 1723 515 1822 quaerenda
538 1725 672 1795 Leccae
688 1720 884 1794 incunabu-

14 1851 16 1892 ι
86 1817 134 1897 la,
162 1841 245 1912 quae
261 1819 365 1917 hujus
381 1843 452 1892 non
469 1821 546 1889 sunt
562 1817 648 1890 loci.
674 1820 793 1911 Atque
802 1840 885 1892 eum

14 1949 16 1992 2
86 1913 128 1984 in
154 1911 283 1987 sensum
310 1914 560 1988 ficomelium
577 1912 706 2010 capias,
730 1915 828 2029 plana
844 1915 884 1990 &

88 2009 243 2082 dilucida
264 2030 385 2099 erunt,
411 2009 474 2083 nifi
491 2010 609 2100 fallor,
632 2031 716 2110 quae
732 2012 881 2112 xmpedi·

88 2123 128 2182 ta
143 2104 269 2209 Lipfio
288 2110 327 2184 in
341 2108 626 2210 Annal.X111.53.
