2138 3570
132 211 202 304 “216
293 187 874 300 oasaavartour's

148 424 298 478 mentum
320 405 441 478 chartae
462 405 556 480 liueae
573 409 761 500 inscriptum
780 461 791 490 ,
823 403 900 480 &fi
919 399 983 480 tale

143 502 365 591 offenderint,
389 505 460 598 ejus
490 507 640 594 titulum,
662 507 826 598 epocham
853 507 985 577 locum·

145 625 245 694 que,
281 607 339 676 ubi
362 604 575 692 adservatur,
613 617 765 676 accurate
782 605 985 700 designent,

147 702 255 794 probe
274 703 402 794 semper
417 705 643 790 attendentes,
669 721 711 774 tre
733 706 764 774 in
782 704 902 773 chartae
919 725 984 794 ge·
1056 711 1057 728 ¹

146 821 227 869 nere
252 805 487 894 decipiantur,
520 825 556 872 ut
581 805 663 874 mihi
688 801 756 872 fere
780 803 900 872 accidit
927 804 988 870 in·-

145 897 258 988 specto
283 903 369 973 libro
384 896 461 972 MS.
487 898 580 992 cujus
595 901 740 972 chartam
759 899 862 970 statim
875 901 983 992 juras·

146 995 212 1066 sem
237 1001 393 1084 linteam,
418 1019 486 1069 tum
512 1001 559 1069 ob
574 999 773 1084 candorem,
798 1018 867 1070 tum
884 997 983 1090 quod

133 1113 205 1188 'per
228 1103 366 1172 nimium
390 1095 464 1166 libri
484 1096 577 1168 usum
593 1117 726 1167 omnem
743 1114 847 1188 prope
866 1095 982 1192 fulgo·
1056 1095 1057 1116 ¹

144 1215 215 1266 rem
231 1195 395 1279 amifillet,
420 1191 477 1266 nili
494 1217 555 1286 pro
569 1193 770 1288 bombycina
787 1193 982 1290 pugnall'ent
1056 1221 1057 1260 t

144 1295 272 1368 codicis
308 1317 373 1367 tam
398 1293 562 1389 ligatura,
600 1311 714 1386 quam¹
732 1296 855 1365 idioma
883 1293 981 1366 Grae-

144 1415 243 1483 cum,
258 1395 412 1484 idemque
428 1395 609 1463 accuratius
619 1393 737 1464 deinde
747 1411 884 1463 examen
896 1413 982 1463 corr·

142 1489 303 1564 firmallet.
337 1487 405 1561 Has
421 1510 501 1564 vero
518 1491 761 1563 observationes
775 1511 811 1562 ut
827 1487 981 1562 Rotero-

144 1595 277 1664 domum
302 1587 345 1665 ad
369 1611 422 1658 me
447 1589 575 1660 mittere
599 1588 701 1662 velint
716 1609 791 1660 ante
808 1587 979 1660 Kalendas

142 1691 327 1786 Januarias,
353 1685 410 1758 vel
425 1707 514 1757 certe
530 1682 724 1762 Februarias
738 1690 814 1758 anni
830 1691 979 1778 proximi

147 1793 252 1884 1763.
270 1791 366 1860 enixe
381 1809 420 1857 ac
435 1786 618 1856 humillime
630 1793 797 1886 rogantur.
814 1784 981 1879 Eostqui-

143 1888 219 1958 dem
246 1905 416 1974 tempore,
450 1885 554 1956 modo
578 1887 678 1959 vitam
704 1883 800 1956 Deus
820 1888 978 1976 viresque

143 1983 354 2068 concesserit,
372 1984 443 2052 illas
459 2005 575 2053 omnes
592 1988 624 2056 in
642 1984 791 2056 ordinem
802 1985 978 2078 redigere,

140 2104 288 2173 moxque
305 2084 338 2154 iu
357 2080 475 2150 Diarlo
491 2083 658 2172 quodam,
674 2083 798 2175 adjeera
816 2083 977 2153 honorifi-

141 2203 181 2253 ca
196 2181 364 2251 nullorum
382 2184 574 2264 mentione,
589 2203 631 2252 ne
647 2203 745 2274 quem
763 2179 978 2271 infumtipoe·

140 2283 244 2352 niteat
261 2277 403 2362 laboris,
422 2277 590 2369 publicare
608 2281 779 2351 constitui:
798 2279 846 2349 illi
858 2299 979 2370 prate·

133 2389 216 2464 rea,
242 2379 299 2468 qui
323 2378 471 2446 omnium
489 2379 631 2467 primum
649 2378 681 2449 ln
699 2377 765 2448 hoc
784 2399 907 2472 genere
925 2380 977 2448 iu-

77 2565 80 2575 *
139 2475 550 2560 strumentumdetexerit,
575 2477 745 2569 postquam
764 2497 823 2564 per
838 2475 975 2548 alterins
1056 2557 1057 2580 χ

140 2597 277 2648 examen
304 2595 355 2642 res
374 2573 567 2645 confirmata·
585 2578 674 2658 erit,
707 2571 837 2660 limile,
872 2597 974 2664 atque
1056 2593 1057 2602 ¹

140 2671 366 2768 Gottingensrs
392 2673 558 2744 constituit
580 2673 779 2755 Academia,
804 2672 974 2764 adjudica·
1056 2701 1057 2710 ¹

139 2793 230 2842 turus
254 2767 455 2862 praemium,
488 2791 609 2864 nenrpe
633 2771 749 2866 viginti
774 2766 974 2862 &quinque
1056 2765 1057 2798 l

135 2890 339 2954 aureorum,
374 2865 521 2956 (nantas
544 2871 685 2962 vocant)
708 2870 765 2960 qui
782 2871 898 2939 vidiori
913 2885 971 2938 aut
1056 2943 1057 2946 ,

136 2970 305 3049 nummis,
338 2987 394 3036 ant
417 2965 507 3036 libris
526 2969 615 3060 apud
631 2965 835 3059 bibliopolas
847 2963 971 3039 'venali-

136 3068 225 3148 bus,
259 3062 301 3132 ad
325 3063 396 3152 ejus
422 3065 612 3152 arbitrium,
650 3066 829 3136 solventur.
877 3062 970 3133 Dab.
1056 3103 1057 3120 κ

136 3181 179 3234 ex
194 3159 307 3233 museo
325 3158 367 3232 V.
393 3158 534 3234 Kalend.
556 3163 686 3256 Januat.
710 3186 739 3234 a.
770 3165 960 3353 1762jou
