2154 3566
144 185 214 273 164
286 181 880 268 Onsnnrurirounsi

138 365 227 436 merie
249 359 336 430 enim
360 355 424 429 five
448 358 671 448 bombycini,
703 359 768 432 srve
790 359 976 457 goilypinh

141 461 211 554 (i,
236 460 321 528 inter
344 477 520 550 utrumque
542 458 714 532 discrimen
728 460 887 546 statuere,
913 480 978 530 vo·
1062 472 1063 514 1

138 556 273 650 lupe),
305 554 462 649 pleraque
496 558 566 630 hec
595 556 767 630 transmiii‘r
791 557 978 648 specimina

136 653 268 728 Tecum
288 677 308 726 u
328 675 382 724 me
399 655 588 728 censentur:
607 656 754 748 ¹rulirque
771 654 978 731 asodelibur
1063 693 1064 702 κ

137 754 273 846 reliquis
301 752 411 826 habita
437 754 559 838 fuere;
590 777 654 828 nec
681 759 798 826 minus·
813 755 855 826 ab
877 752 974 840 aliis,

137 855 260 947 quibus
274 851 392 923 erdem
407 851 570 924 lustranda
586 855 724 946 praebuia

136 1009 139 1016 ,
187 949 351 1042 Imprimis
376 953 412 1022 in
432 949 575 1037 solleio,
607 952 701 1044 quod
725 948 883 1022 clariilrmi
907 947 974 1020 fuir

142 1045 284 1143 Velusri,
310 1048 364 1124 fila
385 1049 441 1122 iila
464 1051 591 1141 Xyline,
616 1052 741 1122 rudiori
762 1049 888 1141 quippe
902 1066 974 1124 orto

141 1151 311 1234 contrita,
342 1146 473 1218 insuetis
499 1152 615 1241 papyri
644 1147 819 1244 goffypinae
845 1145 974 1235 oculis,

143 1265 181 1321 ut
208 1244 280 1319 fere
307 1246 494 1318 nostmtium
520 1247 719 1333 hominum,
752 1246 972 1336 adenrperre

143 1361 580 1516 ἕξπξῖΐῐιξῃεεῖδὲῑῐέεῗεῗιι
595 1346 739 1530 &illest
754 1343 973 1534 ,dequtlffgffilio

143 1539 364 1612 madversrone
385 1537 459 1612 Tur
478 1542 625 1614 nondum
642 1559 819 1635 percepta,
844 1543 975 1614 mareri·

144 1659 197 1713 rm
226 1637 293 1732 jorn
319 1637 517 1733 goilypinam
541 1661 726 1736 arguerent.
778 1637 815 1712 ln
838 1637 973 1732 reliquis

144 1737 280 1828 quidem
304 1738 420 1810 endem
443 1737 549 1812 multo
569 1739 684 1835 majori
700 1759 777 1810 cura
792 1757 974 1822 macerata,

144 1835 272 1922 soluta,
297 1838 467 1929 compasta
486 1839 551 1912 eil:
575 1841 724 1931 quamvis
741 1841 774 1908 in
791 1858 859 1908 uno
874 1855 974 1928 atque

143 1931 249 2004 altero
280 1955 415 2024 quoque
446 1940 619 2032 compagis
648 1937 859 2029 bombycinae
884 1953 974 2026 quae}

144 2031 220 2100 dam
245 2031 376 2125 relligio
399 2055 588 2126 appareant.
638 2035 761 2108 Omnia
782 2053 890 2104 tamen
913 2033 974 2102 hu·

144 2125 194 2196 'us
213 2130 341 2221 generis
356 2127 455 2213 milri,
480 2129 543 2200 [ive
563 2133 669 2223 digito
684 2130 882 2229 palpentur,
907 2127 973 2200 sive

158 2228 210 2296 uci
238 2224 483 2313 obtenduntur,
514 2226 637 2318 aliquid
656 2229 806 2298 videmur
828 2226 973 2313 nabere,

142 2324 235 2416 quod
262 2322 393 2393 illorum
425 2324 571 2397 indolem
606 2323 714 2417 aliqua
741 2326 867 2395 rarione
891 2343 973 2412 pro·

145 2423 228 2508 dar3
261 2440 296 2491 ur
325 2441 405 2512 pote
432 2426 628 2514 praecipuam
657 2423 831 2517 quamdam
862 2421 976 2492 molli·
1050 2468 1056 2476 -

65 2596 69 2605 .
147 2524 252 2608 tium,
285 2541 358 2611 quae
382 2521 478 2611 ipsius
500 2523 662 2618 lanuginis
683 2521 802 2612 xylinae
827 2519 901 2605 est‚·
934 2517 976 2600 δι

146 2620 304 2714 majorem
323 2640 398 2688 cum
415 2621 612 2692 membranis
626 2620 867 2692 similitudinem
878 2641 896 2704 3·
915 2639 974 2690 un·

147 2721 190 2794 de
217 2717 252 2791 dc
278 2717 464 2810 Pergameni
491 2721 605 2812 panori
634 2741 823 2815 cognomen
855 2718 974 2808 procul

148 2819 253 2888 dubio
292 2838 425 2888 traxere.
487 2816 621 2909 Insuper
652 2819 764 2889 charra
805 2814 973 2911 goffypine

146 2920 250 3006 magis
275 2915 529 3012 deprehenditur
551 2917 705 3000 friabilis,
737 2937 847 3007 neque
870 2911 974 3004 plicas

145 3029 236 3118 eque
253 3013 442 3104 perferens,
466 3035 505 3099 ec
519 3014 618 3098 linea.v
668 3013 750 3094 Herc
768 3015 856 3088 enim
871 3015 974 3180 mirgis

917 3131 973 3180 en·
