2140 3578
229 253 279 326 40
340 215 421 298 DE
445 221 571 296 ARA
594 219 934 296 VBIORUM.

191 369 194 374 ¹
211 399 215 412 .
230 341 388 430 miiium3
413 344 474 438 qui
490 337 730 451 componendi
750 359 888 412 motus
902 333 1015 437 ergoad

229 439 439 534 superiorem
456 455 648 528 exercitum
665 433 1010 509 ascendentium

214 536 354 634 ,giones
377 531 414 606 &
442 533 631 606 Nemetas:
658 530 736 625 post
754 533 886 604 redux
903 531 943 604 ad
958 529 1017 603 init·

215 633 379 716 norem,
395 629 684 728 quiapudVbios.
708 633 820 699 Tum
830 630 1018 720 deindecap.

234 731 431 822 57.·Neque
446 729 543 798 multo
549 725 613 820 past
621 727 716 820 legati
724 747 748 796 a
757 727 896 822 Segaste
905 785 915 816 ‚
924 723 1020 813 (Che-

232 825 432 912 ruscorum,
456 821 697 896 Germanicae
705 825 834 918 gentis
865 825 913 898 ad
928 819 1019 892 vm-

234 924 339 1020 gim,
374 919 526 1016 regulo,
551 919 802 991 Romanorum
840 917 1017 991 societatem

234 1017 414 1116 amplexo:
437 1015 736 1088 conflatis'horum
752 1038 874 1108 opera
890 1011 1018 1088 danai

235 1119 285 1188 cis
302 1114 493 1187 inimicitiis
511 1135 591 1184 com
608 1111 797 1204 Arminio)
809 1128 1015 1186 veneruntn-

237 1217 352 1286 ailiam
378 1224 497 1282 mames
518 1210 668 1304 adversas
682 1210 751 1278 vim
762 1213 988 1302 popularium,
1002 1228 1015 1274 a

237 1313 347 1405 quibus
371 1305 688 1400 circumsedebantar3
710 1308 880 1378 validiore
897 1307 1017 1400 apadm

236 1405 406 1486 Arminio,
429 1403 550 1497 quanda
564 1403 673 1476 bellam
681 1403 859 1495 suadebat.
898 1403 1018 1477 Addide-

223 1515 293 1575 ¹rat
308 1498 432 1594 Segestes
448 1501 556 1594 legatis
565 1503 697 1594 filium,
721 1503 850 1572 aomina
877 1501 1015 1594 Segimm·

239 1599 325 1672 dam.
377 1596 442 1673 Sea
453 1594 583 1691 juvenis
608 1597 788 1689 canscientia
816 1597 1014 1670 cananiam.

240 1699 368 1794 Quippe
392 1716 472 1764 anna
494 1717 551 1787 qua
576 1691 762 1763 Germaniae
777 1693 954 1786 dalcivme,
969 1690 990 1782 f
1002 1733 1014 1748 ·

241 1793 344 1868 cardos
362 1791 449 1886 apud
462 1796 563 1860 Aram
580 1787 752 1860 Vbiorum
769 1807 928 1878 creatus,
949 1811 1015 1881 rapt

241 1904 298 1964 rat
321 1892 446 1976 vittas,
464 1884 615 1982 profugus
638 1888 684 1958 ad
703 1887 839 1958 rebellas.
869 1889 1015 1959 Amana

230 2001 349 2066 ,tamea
372 1988 405 2059 ia
413 1983 500 2078 spem
525 1985 699 2056 clamentiae
708 1985 898 2076 Romanae,
906 1988 1016 2075 permit

242 2083 345 2176 patris
368 2080 551 2167 mandata,
576 2081 754 2175 benignaque
776 2097 942 2172 exceptas,
964 2104 1018 2154 aaa

233 2175 392 2272 ¹praefidio
421 2174 579 2248 Gallicam
605 2179 639 2248 ia
661 2175 768 2252 Rhaai
799 2178 908 2269 ripam
930 2181 1021 2272 mffias

242 2300 259 2352 a
286 2325 295 2346 .

229 2271 355 2466 ‘'stli.
381 2365 569 2466 Qneritur
591 2393 703 2453 nunc,
730 2370 805 2467 quis
832 2369 1022 2444 locusArae

246 2469 283 2543 in
298 2467 398 2538 Vbiis
415 2463 617 2538 condimus?
644 2465 765 2540 Nimis
780 2466 1021 2541 laxaeffevtrba

245 2561 432 2645 Historici,
456 2584 555 2658 quam
571 2579 612 2634 ut
626 2562 762 2636 definiri
778 2562 905 2661 posin,
926 2567 1022 2659 ptimo

247 2657 343 2737 frons
368 2657 532 2754 loquitur.
572 2659 640 2734 Sed
656 2680 719 2756 age
734 2678 922 2748 tentemus,
943 2661 1017 2755 quid

247 2757 377 2852 reliqua
399 2755 582 2853 promittat
606 2756 818 2850 antiquitas!
863 2760 941 2831 Sunt
960 2758 1014 2851 qui
1054 2755 1055 2764 ’

238 2858 400 2934 ,Bonnam
418 2855 610 2942 nominent,
628 2852 713 2924 olim
732 2853 838 2926 Aram
849 2853 1017 2941 Vbiorum,

241 2945 329 3028 ¹dein
358 2948 475 3020 eadem
498 2947 618 3020 Taciti
642 2965 750 3020 aetate
770 2955 946 3044 Bonnam,
968 2969 1017 3022 aot

241 3053 397 3138 ¹utroque
427 3044 568 3118 nomine
591 3043 791 3139 appellatam
814 3044 1015 3134 diminutes,

926 3163 1047 3246 oo·-
