2138 3570
102 165 155 274 46Ι
238 161 846 232 ΟΒεΕιινΑτιοΝεε·

103 347 153 442 gis
178 341 206 414 1.
231 361 331 432 quam
347 333 390 412 11.
416 337 591 410 Friderico
610 339 945 428 sitadttibuenduma

101 440 284 534 audoritati
305 459 446 528 namque
466 437 522 508 Cl.
541 437 773 510 Biedermanni
791 441 824 510 in
842 441 945 514 rebus

103 538 342 634 Genealogicis
383 558 499 628 parum
533 538 739 608 eredendum
772 557 942 630 putamus.

101 634 241 724 Tabulae
259 641 329 728 eius
345 637 511 706 erroribus
535 633 708 708 scatent&
723 636 853 728 scriptae
868 636 941 710 sunt

102 737 168 806 fine
203 735 271 806 ulla
300 736 510 826 probatione.
563 733 617 806 Ex
652 739 939 830 argumentatione

102 856 238 926 quoque
247 831 779 924 scripturaeliterarumqueparum
789 835 853 904 hac
862 837 892 904 in
902 857 938 906 te

101 933 220 1026 profici
230 931 347 1024 potest.
374 927 937 1028 Diplomatanamque,quaeinitio

106 1031 207 1103 seculi
223 1053 278 1128 xo.
296 1027 368 1108 sunt
386 1050 536 1112 exarata,
554 1050 609 1100 aut
626 1029 757 1102 difficile
776 1052 832 1102 aut
842 1035 943 1102 inter·

107 1129 187 1200 dum
204 1129 303 1198 etiam
319 1128 453 1197 minime
471 1125 751 1220 aDiplomatibus
759 1129 863 1202 seculi
874 1149 944 1201 xiv·

105 1228 259 1323 distingui
284 1223 422 1318 possunt.
474 1223 757 1318 Quandoquidem
782 1227 855 1300 sunt
878 1226 944 1299 Di·

106 1326 254 1422 plomata
277 1324 425 1394 eiusdem
448 1327 523 1392 anni
544 1344 642 1414 atque
660 1327 821 1408 hominis,
848 1347 945 1419 quae,

107 1427 131 1497 fi
164 1445 289 1496 tantum
320 1444 362 1492 ex
392 1419 546 1509 scriptura
581 1425 726 1496 iudicare
759 1423 943 1510 vellemus,

36 1587 38 1590 .
108 1525 196 1596 rede
221 1521 351 1592 duobus
377 1517 494 1590 seculis
512 1521 650 1590 adscribi
665 1521 803 1614 possent.
823 1526 857 1594 in
875 1523 944 1594 hoc
974 1553 976 1559 ’

108 1624 244 1716 quidem
269 1617 343 1688 casu
364 1616 503 1713 sigillum
531 1622 738 1711 praecipuum
755 1642 889 1713 oportet
903 1621 941 1692 sit

109 1739 353 1815 argumentum.
403 1718 597 1808 Optandum
622 1717 710 1789 foret
736 1721 871 1806 adhuc,
905 1739 945 1790 ut

109 1820 166 1889 Cl.
188 1817 315 1886 Reoor
337 1815 477 1910 sigillum
494 1814 815 1909 huius'Diplomatis
830 1819 945 1890 secun-

110 1918 191 1990 dum
214 1933 381 1984 externam
400 1935 498 2004 atque
521 1917 681 1988 internam
706 1920 777 1988 eius
794 1915 945 1990 indolem
982 1983 991 1994 ,

111 2017 163 2106 (e.
181 2036 213 2107 g.
240 2013 521 2106 magnitudinem,
547 2014 722 2102 sormam
735 2015 887 2102 colorem
903 2019 946 2086 ti·

111 2109 306 2208 tulumque)
322 2109 540 2193 describerem
559 2111 593 2184 ἃ
610 2117 640 2184 in
650 2118 765 2206 primis
773 2105 943 2200 indicaret,

51 2259 54 2274 .
110 2235 153 2284 an
169 2208 291 2302 effigies
306 2203 341 2280 ἃ
356 2208 461 2298 qualis
478 2212 510 2280 ei
526 2211 627 2284 indita
643 2212 697 2286 fit:
724 2235 793 2288 tum
808 2213 944 2292 enimd-

109 2311 169 2383 lud
185 2307 339 2379 adcurate
361 2305 500 2378 describi
517 2311 639 2400 posset,
664 2317 891 2404 atqueetiam.
917 2307 942 2382 si

111 2429 222 2505 operae
239 2410 382 2497 pretium
394 2406 488 2491 esset,
512 2413 568 2480 aeri
584 2410 720 2484 incisum
729 2412 795 2489 hoc
804 2411 946 2508 sigillum

112 2532 191 2580 cum
216 2506 286 2576 aliis
312 2507 482 2598 utriusque
500 2507 709 2604 Augustenfis
724 2509 885 2605 Episoopi
909 2509 949 2580 s1·

113 2608 202 2702 gillis
224 2627 437 2696 comparare,
463 2609 606 2699 indeque
631 2608 860 2702 Diplomatita
876 2631 950 2680 cer·

114 2709 253 2777 titudine
267 2703 467 2788 diiudicare,
482 2725 591 2777 utrum
601 2708 642 2778 ad
652 2707 858 2782 Fridericum
868 2707 894 2780 l.
906 2729 950 2779 an

115 2801 158 2874 ΙΙ.
187 2809 368 2893 pertineat,
393 2827 432 2874 ac
462 2825 523 2894 per
553 2804 777 2897 consequens,
801 2831 842 2878 an
868 2805 947 2876 inde

114 2903 294 2994 quidquam
320 2902 495 2986 utilitatis,
518 2925 677 2993 quantum
702 2907 744 2976 ad
767 2905 950 2998 inquisitio·

113 3023 193 3080 nem
204 2999 375 3105 hodiernae
389 3001 509 3070 chartae
526 3003 679 3096 originis,
704 3003 824 3078 hauriri
838 3001 949 3168 poisrf.
