<?xml version="1.0" encoding="UTF-8"?>
<!DOCTYPE html PUBLIC "-//W3C//DTD XHTML 1.0 Transitional//EN"
    "http://www.w3.org/TR/xhtml1/DTD/xhtml1-transitional.dtd">
<html xmlns="http://www.w3.org/1999/xhtml" xml:lang="en" lang="en">
 <head>
  <title>
</title>
<meta http-equiv="Content-Type" content="text/html;charset=utf-8" />
  <meta name='ocr-system' content='tesseract 3.04.00' />
  <meta name='ocr-capabilities' content='ocr_page ocr_carea ocr_par ocr_line ocrx_word'/>
</head>
<body>
  <div class='ocr_page' id='page_1' title='image "./gerardimeermane01meergoog_0197.png"; bbox 0 0 2164 3568; ppageno 0'>
   <div class='ocr_carea' id='block_1_1' title="bbox 149 171 864 279">
    <p class='ocr_par' dir='ltr' id='par_1_1' title="bbox 149 171 864 279">
     <span class='ocr_line' id='line_1_1' title="bbox 149 171 864 279; baseline -0.011 -27"><span class='ocrx_word' id='word_1_1' title='bbox 149 178 222 279; x_wconf 72' lang='lat' dir='ltr'><strong>t‘yu</strong></span> <span class='ocrx_word' id='word_1_2' title='bbox 283 171 864 248; x_wconf 64' lang='lat' dir='ltr'><strong>oist&#39;nvarrones</strong></span> 
     </span>
    </p>
   </div>
   <div class='ocr_carea' id='block_1_2' title="bbox 79 353 1078 3179">
    <p class='ocr_par' dir='ltr' id='par_1_2' title="bbox 79 353 1078 3179">
     <span class='ocr_line' id='line_1_2' title="bbox 148 353 997 451; baseline -0.013 -18"><span class='ocrx_word' id='word_1_3' title='bbox 148 359 336 451; x_wconf 67' lang='lat' dir='ltr'><strong>Hispanico</strong></span> <span class='ocrx_word' id='word_1_4' title='bbox 369 373 491 447; x_wconf 78' lang='lat'><strong>1397,</strong></span> <span class='ocrx_word' id='word_1_5' title='bbox 525 369 652 424; x_wconf 87' lang='lat' dir='ltr'><strong>tantum</strong></span> <span class='ocrx_word' id='word_1_6' title='bbox 686 353 733 448; x_wconf 84' lang='lat'><strong>38</strong></span> <span class='ocrx_word' id='word_1_7' title='bbox 766 355 846 424; x_wconf 82' lang='lat' dir='ltr'><strong>anni</strong></span> <span class='ocrx_word' id='word_1_8' title='bbox 873 356 997 432; x_wconf 69' lang='lat' dir='ltr'><strong>subdu.</strong></span> 
     </span>
     <span class='ocr_line' id='line_1_3' title="bbox 150 450 994 547; baseline 0.001 -17"><span class='ocrx_word' id='word_1_9' title='bbox 150 459 247 530; x_wconf 89' lang='lat' dir='ltr'><strong>cendi</strong></span> <span class='ocrx_word' id='word_1_10' title='bbox 285 454 383 547; x_wconf 88' lang='lat' dir='ltr'><strong>srnt.)</strong></span> <span class='ocrx_word' id='word_1_11' title='bbox 441 450 556 546; x_wconf 83' lang='lat' dir='ltr'>Viguit</span> <span class='ocrx_word' id='word_1_12' title='bbox 592 453 692 546; x_wconf 87' lang='lat' dir='ltr'><strong>igitur</strong></span> <span class='ocrx_word' id='word_1_13' title='bbox 731 452 850 544; x_wconf 84' lang='lat' dir='ltr'><strong>procul</strong></span> <span class='ocrx_word' id='word_1_14' title='bbox 888 456 994 532; x_wconf 92' lang='lat' dir='ltr'><strong>dubio</strong></span> 
     </span>
     <span class='ocr_line' id='line_1_4' title="bbox 148 547 998 642; baseline 0.004 -14"><span class='ocrx_word' id='word_1_15' title='bbox 148 577 236 628; x_wconf 86' lang='lat' dir='ltr'><strong>anno</strong></span> <span class='ocrx_word' id='word_1_16' title='bbox 255 552 365 624; x_wconf 83' lang='lat' dir='ltr'><strong>adhuc</strong></span> <span class='ocrx_word' id='word_1_17' title='bbox 395 551 509 640; x_wconf 79' lang='lat'>1367:</span> <span class='ocrx_word' id='word_1_18' title='bbox 534 571 605 642; x_wconf 90' lang='lat' dir='ltr'><strong>quo</strong></span> <span class='ocrx_word' id='word_1_19' title='bbox 628 547 788 622; x_wconf 86' lang='lat' dir='ltr'><strong>vitam&amp;</strong></span> <span class='ocrx_word' id='word_1_20' title='bbox 803 553 873 626; x_wconf 73' lang='lat' dir='ltr'><strong>asia</strong></span> <span class='ocrx_word' id='word_1_21' title='bbox 889 555 998 632; x_wconf 85' lang='lat' dir='ltr'><strong>divini</strong></span> 
     </span>
     <span class='ocr_line' id='line_1_5' title="bbox 151 644 997 738; baseline 0.001 -14"><span class='ocrx_word' id='word_1_22' title='bbox 151 654 334 724; x_wconf 87' lang='lat' dir='ltr'><strong>Servatoris</strong></span> <span class='ocrx_word' id='word_1_23' title='bbox 356 644 540 738; x_wconf 76' lang='lat' dir='ltr'><strong>Francistut</strong></span> <span class='ocrx_word' id='word_1_24' title='bbox 559 648 707 720; x_wconf 72' lang='lat' dir='ltr'><strong>Eximius</strong></span> <span class='ocrx_word' id='word_1_25' title='bbox 725 649 896 724; x_wconf 83' lang='lat' dir='ltr'><strong>volumine</strong></span> <span class='ocrx_word' id='word_1_26' title='bbox 912 677 997 726; x_wconf 82' lang='lat' dir='ltr'><strong>eon-</strong></span> 
     </span>
     <span class='ocr_line' id='line_1_6' title="bbox 150 747 995 842; baseline 0.002 -20"><span class='ocrx_word' id='word_1_27' title='bbox 150 749 301 842; x_wconf 86' lang='lat' dir='ltr'><strong>stripfiise</strong></span> <span class='ocrx_word' id='word_1_28' title='bbox 347 747 477 830; x_wconf 86' lang='lat' dir='ltr'><strong>fertur,</strong></span> <span class='ocrx_word' id='word_1_29' title='bbox 515 768 558 816; x_wconf 84' lang='lat' dir='ltr'><strong>ex</strong></span> <span class='ocrx_word' id='word_1_30' title='bbox 597 747 857 818; x_wconf 81' lang='lat' dir='ltr'>membranaceis</span> <span class='ocrx_word' id='word_1_31' title='bbox 897 751 995 824; x_wconf 79' lang='lat' dir='ltr'><strong>fol-iia</strong></span> 
     </span>
     <span class='ocr_line' id='line_1_7' title="bbox 151 843 997 938; baseline 0.002 -17"><span class='ocrx_word' id='word_1_32' title='bbox 151 852 347 938; x_wconf 84' lang='lat' dir='ltr'><strong>linteisque,</strong></span> <span class='ocrx_word' id='word_1_33' title='bbox 363 845 500 916; x_wconf 50' lang='lat' dir='ltr'><strong>*vicibus</strong></span> <span class='ocrx_word' id='word_1_34' title='bbox 515 843 648 914; x_wconf 86' lang='lat' dir='ltr'><strong>alternis</strong></span> <span class='ocrx_word' id='word_1_35' title='bbox 668 844 727 916; x_wconf 85' lang='lat' dir='ltr'><strong>fibi</strong></span> <span class='ocrx_word' id='word_1_36' title='bbox 740 845 881 937; x_wconf 76' lang='lat' dir='ltr'><strong>jundis,</strong></span> <span class='ocrx_word' id='word_1_37' title='bbox 909 873 997 922; x_wconf 88' lang='lat' dir='ltr'><strong>con-</strong></span> 
     </span>
     <span class='ocr_line' id='line_1_8' title="bbox 152 941 995 1040; baseline 0.004 -22"><span class='ocrx_word' id='word_1_38' title='bbox 152 950 271 1026; x_wconf 84' lang='lat' dir='ltr'><strong>stante:</strong></span> <span class='ocrx_word' id='word_1_39' title='bbox 301 966 346 1014; x_wconf 88' lang='lat' dir='ltr'><strong>ex</strong></span> <span class='ocrx_word' id='word_1_40' title='bbox 367 963 436 1034; x_wconf 90' lang='lat' dir='ltr'><strong>quo</strong></span> <span class='ocrx_word' id='word_1_41' title='bbox 461 941 650 1032; x_wconf 81' lang='lat' dir='ltr'><strong>exemplum</strong></span> <span class='ocrx_word' id='word_1_42' title='bbox 675 945 796 1016; x_wconf 84' lang='lat' dir='ltr'><strong>chartae</strong></span> <span class='ocrx_word' id='word_1_43' title='bbox 821 944 995 1040; x_wconf 78' lang='lat' dir='ltr'><strong>singularis</strong></span> 
     </span>
     <span class='ocr_line' id='line_1_9' title="bbox 152 1041 994 1138; baseline 0.004 -21"><span class='ocrx_word' id='word_1_44' title='bbox 152 1049 272 1138; x_wconf 91' lang='lat' dir='ltr'><strong>plane,</strong></span> <span class='ocrx_word' id='word_1_45' title='bbox 297 1044 453 1133; x_wconf 84' lang='lat' dir='ltr'><strong>istamque</strong></span> <span class='ocrx_word' id='word_1_46' title='bbox 477 1060 606 1112; x_wconf 77' lang='lat' dir='ltr'><strong>aetatem</strong></span> <span class='ocrx_word' id='word_1_47' title='bbox 632 1041 831 1132; x_wconf 86' lang='lat' dir='ltr'><strong>superantis,</strong></span> <span class='ocrx_word' id='word_1_48' title='bbox 860 1045 896 1116; x_wconf 80' lang='lat' dir='ltr'><strong>da</strong></span> <span class='ocrx_word' id='word_1_49' title='bbox 913 1049 994 1120; x_wconf 83' lang='lat' dir='ltr'><strong>ltine</strong></span> 
     </span>
     <span class='ocr_line' id='line_1_10' title="bbox 151 1133 994 1235; baseline 0 -17"><span class='ocrx_word' id='word_1_50' title='bbox 151 1145 302 1235; x_wconf 71' lang='lat' dir='ltr'><strong>suspesliae</strong></span> <span class='ocrx_word' id='word_1_51' title='bbox 327 1139 397 1210; x_wconf 90' lang='lat' dir='ltr'><strong>sere</strong></span> <span class='ocrx_word' id='word_1_52' title='bbox 413 1137 604 1232; x_wconf 66' lang='lat' dir='ltr'><strong>elegantiae,</strong></span> <span class='ocrx_word' id='word_1_53' title='bbox 629 1137 707 1210; x_wconf 87' lang='lat' dir='ltr'>Tibi</span> <span class='ocrx_word' id='word_1_54' title='bbox 724 1144 897 1215; x_wconf 75' lang='lat' dir='ltr'><strong>transmisi</strong></span> <span class='ocrx_word' id='word_1_55' title='bbox 914 1133 994 1218; x_wconf 79' lang='lat' dir='ltr'><strong>Ma-</strong></span> 
     </span>
     <span class='ocr_line' id='line_1_11' title="bbox 148 1237 1078 1338; baseline 0.002 -24"><span class='ocrx_word' id='word_1_56' title='bbox 148 1243 276 1338; x_wconf 81' lang='lat' dir='ltr'><strong>janfius.</strong></span> <span class='ocrx_word' id='word_1_57' title='bbox 303 1237 413 1328; x_wconf 80' lang='lat' dir='ltr'><strong>(obs.</strong></span> <span class='ocrx_word' id='word_1_58' title='bbox 444 1259 478 1326; x_wconf 88' lang='lat' dir='ltr'><strong>p.</strong></span> <span class='ocrx_word' id='word_1_59' title='bbox 498 1238 600 1326; x_wconf 73' lang='lat'><strong>86).</strong></span> <span class='ocrx_word' id='word_1_60' title='bbox 648 1239 834 1329; x_wconf 80' lang='lat' dir='ltr'><strong>Cumque,</strong></span> <span class='ocrx_word' id='word_1_61' title='bbox 869 1264 994 1333; x_wconf 78' lang='lat' dir='ltr'><strong>praeter</strong></span> <span class='ocrx_word' id='word_1_62' title='bbox 1077 1277 1078 1330; x_wconf 75' lang='lat' dir='ltr'><strong>l</strong></span> 
     </span>
     <span class='ocr_line' id='line_1_12' title="bbox 153 1334 1078 1424; baseline -0.002 -12"><span class='ocrx_word' id='word_1_63' title='bbox 153 1334 238 1424; x_wconf 79' lang='lat' dir='ltr'><strong>hoc,</strong></span> <span class='ocrx_word' id='word_1_64' title='bbox 263 1338 408 1417; x_wconf 90' lang='lat' dir='ltr'><strong>nullum,</strong></span> <span class='ocrx_word' id='word_1_65' title='bbox 437 1355 478 1404; x_wconf 87' lang='lat' dir='ltr'><strong>ex</strong></span> <span class='ocrx_word' id='word_1_66' title='bbox 495 1334 645 1404; x_wconf 88' lang='lat' dir='ltr'><strong>universo</strong></span> <span class='ocrx_word' id='word_1_67' title='bbox 665 1336 786 1410; x_wconf 87' lang='lat' dir='ltr'><strong>saeculo</strong></span> <span class='ocrx_word' id='word_1_68' title='bbox 810 1360 899 1424; x_wconf 82' lang='lat' dir='ltr'><strong>xiv,</strong></span> <span class='ocrx_word' id='word_1_69' title='bbox 926 1344 994 1412; x_wconf 84' lang='lat' dir='ltr'><strong>ob·</strong></span> <span class='ocrx_word' id='word_1_70' title='bbox 1077 1355 1078 1420; x_wconf 66' lang='grc' dir='ltr'>ἶ</span> 
     </span>
     <span class='ocr_line' id='line_1_13' title="bbox 152 1433 992 1530; baseline 0 -20"><span class='ocrx_word' id='word_1_71' title='bbox 152 1440 286 1512; x_wconf 86' lang='lat' dir='ltr'><strong>tinuetis</strong></span> <span class='ocrx_word' id='word_1_72' title='bbox 307 1433 490 1521; x_wconf 87' lang='lat' dir='ltr'><strong>Hispanieae</strong></span> <span class='ocrx_word' id='word_1_73' title='bbox 508 1435 628 1504; x_wconf 81' lang='lat' dir='ltr'><strong>chartae</strong></span> <span class='ocrx_word' id='word_1_74' title='bbox 644 1433 827 1524; x_wconf 86' lang='lat' dir='ltr'><strong>specimen:</strong></span> <span class='ocrx_word' id='word_1_75' title='bbox 852 1437 992 1530; x_wconf 77' lang='lat' dir='ltr'><strong>(Codi-</strong></span> 
     </span>
     <span class='ocr_line' id='line_1_14' title="bbox 149 1527 993 1625; baseline -0.005 -13"><span class='ocrx_word' id='word_1_76' title='bbox 149 1537 343 1612; x_wconf 86' lang='lat' dir='ltr'><strong>cem..enim</strong></span> <span class='ocrx_word' id='word_1_77' title='bbox 371 1527 572 1625; x_wconf 80' lang='lat' dir='ltr'><strong>lleltraicum</strong></span> <span class='ocrx_word' id='word_1_78' title='bbox 588 1583 603 1616; x_wconf 94' lang='lat'><strong>.,</strong></span> <span class='ocrx_word' id='word_1_79' title='bbox 635 1532 731 1624; x_wconf 79' lang='lat' dir='ltr'><strong>cujus</strong></span> <span class='ocrx_word' id='word_1_80' title='bbox 752 1533 872 1607; x_wconf 89' lang='lat' dir='ltr'><strong>solium</strong></span> <span class='ocrx_word' id='word_1_81' title='bbox 898 1556 993 1611; x_wconf 86' lang='lat' dir='ltr'><strong>tene·</strong></span> 
     </span>
     <span class='ocr_line' id='line_1_15' title="bbox 150 1623 1078 1727; baseline 0.003 -20"><span class='ocrx_word' id='word_1_82' title='bbox 150 1659 242 1718; x_wconf 86' lang='lat' dir='ltr'><strong>mus,</strong></span> <span class='ocrx_word' id='word_1_83' title='bbox 267 1654 309 1702; x_wconf 89' lang='lat' dir='ltr'><strong>ne</strong></span> <span class='ocrx_word' id='word_1_84' title='bbox 333 1631 420 1701; x_wconf 83' lang='lat' dir='ltr'><strong>illius</strong></span> <span class='ocrx_word' id='word_1_85' title='bbox 442 1629 577 1718; x_wconf 86' lang='lat' dir='ltr'><strong>quidem</strong></span> <span class='ocrx_word' id='word_1_86' title='bbox 601 1634 662 1700; x_wconf 86' lang='lat' dir='ltr'><strong>aevi</strong></span> <span class='ocrx_word' id='word_1_87' title='bbox 686 1632 882 1727; x_wconf 83' lang='lat' dir='ltr'><strong>agnoscia):</strong></span> <span class='ocrx_word' id='word_1_88' title='bbox 908 1637 990 1708; x_wconf 86' lang='lat' dir='ltr'><strong>inde</strong></span> <span class='ocrx_word' id='word_1_89' title='bbox 1077 1623 1078 1710; x_wconf 35' lang='grc' dir='ltr'>ἶ</span> 
     </span>
     <span class='ocr_line' id='line_1_16' title="bbox 149 1725 990 1830; baseline -0.007 -22"><span class='ocrx_word' id='word_1_90' title='bbox 149 1737 366 1830; x_wconf 69' lang='lat' dir='ltr'><strong>colligimus,</strong></span> <span class='ocrx_word' id='word_1_91' title='bbox 399 1731 454 1796; x_wconf 85' lang='lat' dir='ltr'><strong>vix</strong></span> <span class='ocrx_word' id='word_1_92' title='bbox 478 1729 555 1796; x_wconf 91' lang='lat' dir='ltr'><strong>dum</strong></span> <span class='ocrx_word' id='word_1_93' title='bbox 579 1725 698 1798; x_wconf 87' lang='lat' dir='ltr'><strong>lineam</strong></span> <span class='ocrx_word' id='word_1_94' title='bbox 721 1730 895 1816; x_wconf 86' lang='lat' dir='ltr'><strong>chartam,</strong></span> <span class='ocrx_word' id='word_1_95' title='bbox 929 1735 990 1803; x_wconf 85' lang='lat' dir='ltr'><strong>nist</strong></span> 
     </span>
     <span class='ocr_line' id='line_1_17' title="bbox 152 1823 991 1916; baseline -0.001 -11"><span class='ocrx_word' id='word_1_96' title='bbox 152 1835 246 1906; x_wconf 78' lang='lat' dir='ltr'><strong>valde</strong></span> <span class='ocrx_word' id='word_1_97' title='bbox 273 1830 475 1906; x_wconf 83' lang='lat' dir='ltr'><strong>insolenter,</strong></span> <span class='ocrx_word' id='word_1_98' title='bbox 506 1827 538 1896; x_wconf 88' lang='lat' dir='ltr'><strong>in</strong></span> <span class='ocrx_word' id='word_1_99' title='bbox 564 1823 715 1916; x_wconf 80' lang='lat' dir='ltr'><strong>Hispania</strong></span> <span class='ocrx_word' id='word_1_100' title='bbox 742 1827 833 1898; x_wconf 88' lang='lat' dir='ltr'><strong>fuisse</strong></span> <span class='ocrx_word' id='word_1_101' title='bbox 856 1829 991 1904; x_wconf 86' lang='lat' dir='ltr'><strong>adhibi·</strong></span> 
     </span>
     <span class='ocr_line' id='line_1_18' title="bbox 151 1925 991 2014; baseline 0.001 -14"><span class='ocrx_word' id='word_1_102' title='bbox 151 1953 228 2006; x_wconf 90' lang='lat' dir='ltr'><strong>tam.</strong></span> <span class='ocrx_word' id='word_1_103' title='bbox 276 1927 429 1998; x_wconf 80' lang='lat' dir='ltr'><strong>Meretur</strong></span> <span class='ocrx_word' id='word_1_104' title='bbox 458 1944 593 2014; x_wconf 90' lang='lat' dir='ltr'><strong>quoque</strong></span> <span class='ocrx_word' id='word_1_105' title='bbox 628 1925 661 1992; x_wconf 90' lang='lat' dir='ltr'><strong>id</strong></span> <span class='ocrx_word' id='word_1_106' title='bbox 681 1928 834 2009; x_wconf 87' lang='lat' dir='ltr'><strong>attendi,</strong></span> <span class='ocrx_word' id='word_1_107' title='bbox 867 1932 900 1998; x_wconf 94' lang='lat' dir='ltr'><strong>in</strong></span> <span class='ocrx_word' id='word_1_108' title='bbox 929 1931 991 2000; x_wconf 87' lang='lat' dir='ltr'><strong>ilio</strong></span> 
     </span>
     <span class='ocr_line' id='line_1_19' title="bbox 149 2021 988 2120; baseline 0.001 -22"><span class='ocrx_word' id='word_1_109' title='bbox 149 2029 319 2098; x_wconf 80' lang='lat' dir='ltr'><strong>volumine</strong></span> <span class='ocrx_word' id='word_1_110' title='bbox 354 2021 517 2093; x_wconf 84' lang='lat' dir='ltr'><strong>Francisci</strong></span> <span class='ocrx_word' id='word_1_111' title='bbox 540 2021 713 2109; x_wconf 83' lang='lat' dir='ltr'><strong>Eximini,</strong></span> <span class='ocrx_word' id='word_1_112' title='bbox 745 2045 815 2098; x_wconf 86' lang='lat' dir='ltr'><strong>nnn</strong></span> <span class='ocrx_word' id='word_1_113' title='bbox 840 2047 988 2120; x_wconf 77' lang='lat' dir='ltr'><strong>magnae,</strong></span> 
     </span>
     <span class='ocr_line' id='line_1_20' title="bbox 149 2120 987 2212; baseline 0.002 -18"><span class='ocrx_word' id='word_1_114' title='bbox 149 2147 186 2198; x_wconf 91' lang='lat' dir='ltr'><strong>ut</strong></span> <span class='ocrx_word' id='word_1_115' title='bbox 213 2125 294 2194; x_wconf 89' lang='lat' dir='ltr'><strong>mihi</strong></span> <span class='ocrx_word' id='word_1_116' title='bbox 323 2120 532 2212; x_wconf 85' lang='lat' dir='ltr'><strong>persuadeo,</strong></span> <span class='ocrx_word' id='word_1_117' title='bbox 570 2122 698 2205; x_wconf 89' lang='lat' dir='ltr'><strong>molis,</strong></span> <span class='ocrx_word' id='word_1_118' title='bbox 732 2123 862 2200; x_wconf 80' lang='lat' dir='ltr'><strong>chartas</strong></span> <span class='ocrx_word' id='word_1_119' title='bbox 882 2126 987 2200; x_wconf 84' lang='lat' dir='ltr'><strong>lineas</strong></span> 
     </span>
     <span class='ocr_line' id='line_1_21' title="bbox 79 2214 986 2310; baseline 0.008 -16"><span class='ocrx_word' id='word_1_120' title='bbox 79 2279 86 2294; x_wconf 90' lang='lat'><strong>.</strong></span> <span class='ocrx_word' id='word_1_121' title='bbox 149 2223 345 2298; x_wconf 86' lang='lat' dir='ltr'><strong>diversarum</strong></span> <span class='ocrx_word' id='word_1_122' title='bbox 368 2214 568 2290; x_wconf 89' lang='lat' dir='ltr'><strong>officinarum</strong></span> <span class='ocrx_word' id='word_1_123' title='bbox 595 2220 836 2310; x_wconf 83' lang='lat' dir='ltr'><strong>deprehendi,</strong></span> <span class='ocrx_word' id='word_1_124' title='bbox 853 2224 986 2301; x_wconf 78' lang='lat' dir='ltr'><strong>diuersis</strong></span> 
     </span>
     <span class='ocr_line' id='line_1_22' title="bbox 148 2313 983 2416; baseline -0.002 -24"><span class='ocrx_word' id='word_1_125' title='bbox 148 2328 274 2416; x_wconf 86' lang='lat' dir='ltr'><strong>quippe</strong></span> <span class='ocrx_word' id='word_1_126' title='bbox 297 2319 424 2388; x_wconf 86' lang='lat' dir='ltr'><strong>illatum</strong></span> <span class='ocrx_word' id='word_1_127' title='bbox 446 2313 545 2407; x_wconf 77' lang='lat' dir='ltr'><strong>‚fignis</strong></span> <span class='ocrx_word' id='word_1_128' title='bbox 562 2339 580 2384; x_wconf 89' lang='lat' dir='ltr'><strong>a</strong></span> <span class='ocrx_word' id='word_1_129' title='bbox 597 2317 628 2390; x_wconf 91' lang='lat' dir='ltr'><strong>se</strong></span> <span class='ocrx_word' id='word_1_130' title='bbox 646 2321 787 2388; x_wconf 87' lang='lat' dir='ltr'><strong>invicem</strong></span> <span class='ocrx_word' id='word_1_131' title='bbox 806 2319 983 2398; x_wconf 72' lang='lat' dir='ltr'><strong>dillinelas.</strong></span> 
     </span>
     <span class='ocr_line' id='line_1_23' title="bbox 148 2419 985 2518; baseline 0.005 -26"><span class='ocrx_word' id='word_1_132' title='bbox 148 2421 254 2518; x_wconf 88' lang='lat' dir='ltr'><strong>Quod</strong></span> <span class='ocrx_word' id='word_1_133' title='bbox 283 2433 512 2510; x_wconf 81' lang='lat' dir='ltr'><strong>argumentum</strong></span> <span class='ocrx_word' id='word_1_134' title='bbox 536 2419 688 2504; x_wconf 84' lang='lat' dir='ltr'><strong>praebet,</strong></span> <span class='ocrx_word' id='word_1_135' title='bbox 721 2437 820 2507; x_wconf 87' lang='lat' dir='ltr'><strong>quam</strong></span> <span class='ocrx_word' id='word_1_136' title='bbox 847 2442 985 2513; x_wconf 85' lang='lat' dir='ltr'><strong>repertu</strong></span> 
     </span>
     <span class='ocr_line' id='line_1_24' title="bbox 150 2514 985 2614; baseline 0.002 -22"><span class='ocrx_word' id='word_1_137' title='bbox 150 2519 287 2593; x_wconf 86' lang='lat' dir='ltr'><strong>difficilis</strong></span> <span class='ocrx_word' id='word_1_138' title='bbox 312 2515 441 2586; x_wconf 88' lang='lat' dir='ltr'><strong>illarum</strong></span> <span class='ocrx_word' id='word_1_139' title='bbox 467 2515 584 2607; x_wconf 83' lang='lat' dir='ltr'><strong>exigua</strong></span> <span class='ocrx_word' id='word_1_140' title='bbox 611 2515 724 2608; x_wconf 85' lang='lat' dir='ltr'><strong>saltem</strong></span> <span class='ocrx_word' id='word_1_141' title='bbox 748 2514 846 2590; x_wconf 77' lang='lat' dir='ltr'><strong>suerit</strong></span> <span class='ocrx_word' id='word_1_142' title='bbox 871 2525 985 2614; x_wconf 87' lang='lat' dir='ltr'><strong>copia.</strong></span> 
     </span>
     <span class='ocr_line' id='line_1_25' title="bbox 147 2609 985 2711; baseline -0.004 -19"><span class='ocrx_word' id='word_1_143' title='bbox 147 2621 256 2698; x_wconf 77' lang='lat' dir='ltr'><strong>Iamno</strong></span> <span class='ocrx_word' id='word_1_144' title='bbox 277 2619 339 2685; x_wconf 89' lang='lat' dir='ltr'><strong>erit</strong></span> <span class='ocrx_word' id='word_1_145' title='bbox 361 2609 515 2694; x_wconf 77' lang='lat' dir='ltr'><strong>fortassis,</strong></span> <span class='ocrx_word' id='word_1_146' title='bbox 540 2615 596 2704; x_wconf 90' lang='lat' dir='ltr'><strong>qui</strong></span> <span class='ocrx_word' id='word_1_147' title='bbox 618 2614 736 2711; x_wconf 63' lang='lat' dir='ltr'><strong>exinde</strong></span> <span class='ocrx_word' id='word_1_148' title='bbox 755 2614 886 2701; x_wconf 85' lang='lat' dir='ltr'><strong>eliciat,</strong></span> <span class='ocrx_word' id='word_1_149' title='bbox 910 2643 985 2689; x_wconf 92' lang='lat' dir='ltr'><strong>om-</strong></span> 
     </span>
     <span class='ocr_line' id='line_1_26' title="bbox 147 2709 984 2800; baseline 0.002 -10"><span class='ocrx_word' id='word_1_150' title='bbox 147 2742 224 2794; x_wconf 89' lang='lat' dir='ltr'><strong>nem</strong></span> <span class='ocrx_word' id='word_1_151' title='bbox 249 2717 392 2786; x_wconf 87' lang='lat' dir='ltr'><strong>chartam</strong></span> <span class='ocrx_word' id='word_1_152' title='bbox 416 2709 536 2780; x_wconf 87' lang='lat' dir='ltr'><strong>lineam</strong></span> <span class='ocrx_word' id='word_1_153' title='bbox 560 2732 636 2784; x_wconf 92' lang='lat' dir='ltr'><strong>tunc</strong></span> <span class='ocrx_word' id='word_1_154' title='bbox 663 2713 822 2800; x_wconf 85' lang='lat' dir='ltr'><strong>temporis</strong></span> <span class='ocrx_word' id='word_1_155' title='bbox 847 2737 889 2788; x_wconf 84' lang='lat' dir='ltr'><strong>ex</strong></span> <span class='ocrx_word' id='word_1_156' title='bbox 908 2717 984 2792; x_wconf 79' lang='lat' dir='ltr'><strong>aliis</strong></span> 
     </span>
     <span class='ocr_line' id='line_1_27' title="bbox 147 2803 980 2914; baseline -0.008 -24"><span class='ocrx_word' id='word_1_157' title='bbox 147 2817 338 2914; x_wconf 83' lang='lat' dir='ltr'><strong>regionibus</strong></span> <span class='ocrx_word' id='word_1_158' title='bbox 376 2815 407 2879; x_wconf 89' lang='lat' dir='ltr'><strong>in</strong></span> <span class='ocrx_word' id='word_1_159' title='bbox 448 2803 633 2894; x_wconf 79' lang='lat' dir='ltr'><strong>Hispaniam</strong></span> <span class='ocrx_word' id='word_1_160' title='bbox 670 2808 759 2879; x_wconf 83' lang='lat' dir='ltr'><strong>suilse</strong></span> <span class='ocrx_word' id='word_1_161' title='bbox 798 2814 980 2883; x_wconf 80' lang='lat' dir='ltr'><strong>inveslatn:</strong></span> 
     </span>
     <span class='ocr_line' id='line_1_28' title="bbox 146 2904 985 3010; baseline 0 -26"><span class='ocrx_word' id='word_1_162' title='bbox 146 2919 257 3010; x_wconf 88' lang='lat' dir='ltr'><strong>prouti</strong></span> <span class='ocrx_word' id='word_1_163' title='bbox 296 2931 338 2984; x_wconf 85' lang='lat' dir='ltr'><strong>ex</strong></span> <span class='ocrx_word' id='word_1_164' title='bbox 368 2904 573 2991; x_wconf 84' lang='lat' dir='ltr'><strong>Hollandia‚</strong></span> <span class='ocrx_word' id='word_1_165' title='bbox 608 2906 717 2976; x_wconf 87' lang='lat' dir='ltr'><strong>nostro</strong></span> <span class='ocrx_word' id='word_1_166' title='bbox 746 2909 854 2980; x_wconf 89' lang='lat' dir='ltr'><strong>adhuc</strong></span> <span class='ocrx_word' id='word_1_167' title='bbox 884 2935 985 2998; x_wconf 87' lang='lat' dir='ltr'><strong>aev0,</strong></span> 
     </span>
     <span class='ocr_line' id='line_1_29' title="bbox 147 3003 980 3097; baseline -0.007 -13"><span class='ocrx_word' id='word_1_168' title='bbox 147 3019 250 3086; x_wconf 84' lang='lat' dir='ltr'><strong>exteri</strong></span> <span class='ocrx_word' id='word_1_169' title='bbox 276 3011 420 3080; x_wconf 88' lang='lat' dir='ltr'><strong>chartam</strong></span> <span class='ocrx_word' id='word_1_170' title='bbox 443 3003 602 3092; x_wconf 81' lang='lat' dir='ltr'><strong>optimam</strong></span> <span class='ocrx_word' id='word_1_171' title='bbox 627 3025 763 3097; x_wconf 87' lang='lat' dir='ltr'><strong>petunt,</strong></span> <span class='ocrx_word' id='word_1_172' title='bbox 788 3029 865 3081; x_wconf 88' lang='lat' dir='ltr'><strong>cum</strong></span> <span class='ocrx_word' id='word_1_173' title='bbox 884 3015 926 3084; x_wconf 89' lang='lat' dir='ltr'><strong>ad</strong></span> <span class='ocrx_word' id='word_1_174' title='bbox 943 3013 980 3079; x_wconf 91' lang='lat' dir='ltr'><strong>il-</strong></span> 
     </span>
     <span class='ocr_line' id='line_1_30' title="bbox 915 3111 1001 3179; baseline -0.023 0"><span class='ocrx_word' id='word_1_175' title='bbox 915 3111 1001 3179; x_wconf 85' lang='lat' dir='ltr'><strong>lam&#39;</strong></span> 
     </span>
    </p>
   </div>
   <div class='ocr_carea' id='block_1_3' title="bbox 0 0 1086 3568">
    <p class='ocr_par' dir='ltr' id='par_1_3' title="bbox 0 0 1086 3568">
     <span class='ocr_line' id='line_1_31' title="bbox 0 0 1086 3568; baseline 0 2"><span class='ocrx_word' id='word_1_176' title='bbox 0 0 1086 3568; x_wconf 95' lang='lat' dir='ltr'><strong> </strong></span> 
     </span>
    </p>
   </div>
  </div>
 </body>
</html>
