2170 3576
207 227 277 282 120
294 203 357 278 DE
373 202 505 278 TUM.
521 202 621 304 cAJr
637 207 705 284 ET
719 206 869 288 LUCII
886 208 1004 286 cnm.
1080 245 1081 268 r

207 347 475 446 imponeretur,
506 345 688 442 aliquando
720 346 819 419 inter
851 351 1013 421 Treverrr

204 441 387 540 Vbiosque
404 443 611 534 conditum,
638 460 744 538 atque
762 448 1015 538 unumequin-

203 541 369 710 guagonis
392 541 488 616 fuisse
505 541 618 612 Druso
634 538 675 610 ad
693 539 870 613 Rhenum
884 539 1015 612 exiliu-

241 640 290 730 is,
316 661 335 710 a
351 641 423 710 veri
441 663 511 710 non
528 636 660 708 abludit
674 631 914 710 similitudine.
929 635 1006 706 Ne-

229 758 271 806 ue
287 735 381 806 enim
402 737 582 806 amborum
601 734 784 830 potentiae
800 735 883 807 satis
896 729 1005 806 confi·

202 759 282 904 iere
307 831 491 907 Romanor
516 829 682 928 potuisse,
707 828 852 902 illorum
872 848 1008 926 tempo·

201 953 280 1002 rum
298 929 453 1026 loquitur
470 931 622 1002 historia.
1080 993 1081 1006 ,

114 1085 117 1094 ,
251 1025 317 1100 Xl.
349 1033 499 1098 Ventum
521 1027 573 1098 est
595 1023 636 1096 ad
656 1027 809 1118 metam,
828 1047 933 1122 quam
948 1047 1015 1094 no·
1080 1019 1081 1050 ³

204 1121 288 1196 strae
305 1121 530 1196 dissertationi
548 1122 783 1218 praefiximus.
808 1122 880 1194 Sed
893 1123 1015 1194 videor
1080 1101 1081 1144 l

203 1219 291 1294 milri
317 1219 435 1292 videre
451 1221 615 1316 reliquam
633 1218 1016 1292 concertatiunculam.
1080 1259 1081 1264 =

206 1317 390 1389 Silentium
411 1317 565 1416 objectes
580 1338 722 1403 eorum,
748 1323 810 1410 qui
827 1313 1016 1387 historiam
1080 1319 1081 1330 ’

205 1412 430 1510 Augustalcm
457 1415 652 1510 persecuti,
675 1436 725 1486 res
745 1413 825 1506 Caji
844 1410 881 1484 &
899 1411 1017 1483 Lucii

204 1509 340 1607 scriptis
362 1510 538 1608 attigere,
563 1512 748 1597 Suetonii,
775 1509 917 1593 Taciti,
945 1518 1012 1578 Pa·

205 1608 342 1686 tertuli,
389 1616 439 1680 At
465 1611 540 1703 quis
564 1608 691 1679 horum
707 1606 782 1700 est,
807 1604 866 1677 dic
883 1602 1006 1697 sodes,

205 1706 328 1776 amabo
352 1721 413 1789 te,
439 1707 498 1802 qui
523 1704 686 1804 Augusto
709 1727 802 1776 aram
825 1701 1005 1774 aNarbo-

120 1891 122 1898 Ι
205 1798 299 1876 nensr
323 1801 425 1898 plebe
447 1799 662 1876 dedicatam?
687 1802 748 1898 qui
774 1798 895 1872 Druso
912 1802 1009 1870 Ger·

205 1900 344 1970 manico
360 1900 554 1991 sepulcrum
571 1901 758 1973 Ravennae
773 1896 920 1970 datum?
945 1921 1009 1967 ve·

207 2011 279 2066 tere
295 2017 338 2066 ex
353 1995 466 2091 lapide
483 1995 598 2094 Lipsro
615 1994 794 2068 detectum
812 2013 1008 2091 repertum·
1035 2032 1038 2041 ·

204 2109 292 2260 ‘elli’
317 2091 353 2161 in
370 2093 491 2178 Taciti
510 2095 633 2170 Annal.
643 2093 736 2171 11.7.
760 2092 822 2189 qui
839 2094 1006 2188 aquaedu-

267 2212 302 2260 m
327 2189 645 2287 Agrippinensem!
682 2192 743 2286 qui
767 2189 906 2260 eosdem
923 2195 1000 2257 Au·

204 2284 294 2454 {usti
310 2284 402 2358 lilios
418 2286 523 2378 Pisis,
552 2287 692 2360 Emesae
708 2287 745 2358 in
762 2285 882 2383 Syria,
906 2282 943 2354 &
963 2289 1001 2357 in

244 2385 388 2458 ermania
403 2385 495 2480 apud
512 2384 674 2484 Empsam
690 2382 1003 2454 monumentorum

206 2477 374 2552 honorem
393 2479 531 2570 nat'tos?
555 2484 617 2582 qui
631 2477 758 2555 cunin
775 2479 914 2554 eosdem
924 2481 1005 2574 plu-

201 2576 434 2726 rimarumpue
449 2602 561 2652 rerum
579 2579 716 2652 aliarum
724 2576 928 2650 memoriam
938 2601 1004 2648 nu·
1080 2657 1081 2664 ἵ

203 2675 388 2747 mismata.
427 2677 487 2770 qui
518 2675 674 2760 sexcenta
704 2675 740 2746 id
771 2673 998 2772 genualia,
1080 2717 1081 2784 p

202 2769 345 2868 perinde
368 2771 456 2844 haud
471 2776 634 2872 indigna,
667 2794 753 2871 quae
767 2773 808 2843 ad
826 2766 1002 2868 posterita-

204 2888 274 2938 tem
300 2869 633 2962 transmitterentur,
658 2872 693 2942 in
719 2868 834 2941 literas
858 2865 1004 2938 retulit?
1080 2893 1081 2896 ¹

203 2961 222 3037 I
242 2988 353 3046 nunc,
380 2966 637 3060 &vetustatem
654 2965 777 3043 metire
790 2963 1002 3060 scriptorum
1080 3023 1081 3090 p

109 3111 119 3130 .
204 3058 364 3136 silentio!
1080 3113 1081 3120 κ

174 3165 176 3171 ’
891 3153 995 3230 tu.
1080 3125 1081 3186 l
