<?xml version="1.0" encoding="UTF-8"?>
<!DOCTYPE html PUBLIC "-//W3C//DTD XHTML 1.0 Transitional//EN"
    "http://www.w3.org/TR/xhtml1/DTD/xhtml1-transitional.dtd">
<html xmlns="http://www.w3.org/1999/xhtml" xml:lang="en" lang="en">
 <head>
  <title>
</title>
<meta http-equiv="Content-Type" content="text/html;charset=utf-8" />
  <meta name='ocr-system' content='tesseract 3.04.00' />
  <meta name='ocr-capabilities' content='ocr_page ocr_carea ocr_par ocr_line ocrx_word'/>
</head>
<body>
  <div class='ocr_page' id='page_1' title='image "./gerardimeermane01meergoog_0059.png"; bbox 0 0 2138 3570; ppageno 0'>
   <div class='ocr_carea' id='block_1_1' title="bbox 145 215 871 334">
    <p class='ocr_par' dir='ltr' id='par_1_1' title="bbox 145 215 871 334">
     <span class='ocr_line' id='line_1_1' title="bbox 145 215 871 334; baseline 0.008 -40"><span class='ocrx_word' id='word_1_1' title='bbox 145 241 206 334; x_wconf 67' lang='lat'>:32</span> <span class='ocrx_word' id='word_1_2' title='bbox 269 215 871 305; x_wconf 51' lang='lat' dir='ltr'>stoasanvnntonaass</span> 
     </span>
    </p>
   </div>
   <div class='ocr_carea' id='block_1_2' title="bbox 140 409 1034 881">
    <p class='ocr_par' dir='ltr' id='par_1_2' title="bbox 140 409 1034 881">
     <span class='ocr_line' id='line_1_2' title="bbox 142 409 987 502; baseline 0 -20"><span class='ocrx_word' id='word_1_3' title='bbox 142 414 277 486; x_wconf 46' lang='lat' dir='ltr'>‘Refert</span> <span class='ocrx_word' id='word_1_4' title='bbox 297 433 499 483; x_wconf 81' lang='lat' dir='ltr'>autemeam</span> <span class='ocrx_word' id='word_1_5' title='bbox 517 415 658 481; x_wconf 78' lang='lat' dir='ltr'>maxime</span> <span class='ocrx_word' id='word_1_6' title='bbox 675 433 747 481; x_wconf 88' lang='lat' dir='ltr'>eatn</span> <span class='ocrx_word' id='word_1_7' title='bbox 763 409 879 493; x_wconf 82' lang='lat' dir='ltr'>nosse,</span> <span class='ocrx_word' id='word_1_8' title='bbox 906 429 987 502; x_wconf 84' lang='lat' dir='ltr'>quae</span> 
     </span>
     <span class='ocr_line' id='line_1_3' title="bbox 147 509 1034 586; baseline -0.009 0"><span class='ocrx_word' id='word_1_9' title='bbox 147 537 199 586; x_wconf 75' lang='lat' dir='ltr'>ex</span> <span class='ocrx_word' id='word_1_10' title='bbox 219 513 329 584; x_wconf 87' lang='lat' dir='ltr'><strong>linteis</strong></span> <span class='ocrx_word' id='word_1_11' title='bbox 352 511 414 582; x_wconf 84' lang='lat' dir='ltr'>fiiis</span> <span class='ocrx_word' id='word_1_12' title='bbox 436 513 467 579; x_wconf 92' lang='lat' dir='ltr'>in</span> <span class='ocrx_word' id='word_1_13' title='bbox 489 509 584 586; x_wconf 75' lang='lat' dir='ltr'>studit</span> <span class='ocrx_word' id='word_1_14' title='bbox 606 510 698 581; x_wconf 74' lang='lat' dir='ltr'>sedis</span> <span class='ocrx_word' id='word_1_15' title='bbox 718 529 753 580; x_wconf 87' lang='lat' dir='ltr'>et</span> <span class='ocrx_word' id='word_1_16' title='bbox 772 511 806 578; x_wconf 92' lang='lat' dir='ltr'>in</span> <span class='ocrx_word' id='word_1_17' title='bbox 829 511 987 579; x_wconf 81' lang='lat' dir='ltr'>mortario</span> <span class='ocrx_word' id='word_1_18' title='bbox 1031 551 1034 558; x_wconf 68' lang='lat'>,</span> 
     </span>
     <span class='ocr_line' id='line_1_4' title="bbox 140 600 986 703; baseline -0.004 -22"><span class='ocrx_word' id='word_1_19' title='bbox 140 612 269 703; x_wconf 57' lang='lat' dir='ltr'>{aliquo</span> <span class='ocrx_word' id='word_1_20' title='bbox 291 631 351 700; x_wconf 87' lang='lat' dir='ltr'>per</span> <span class='ocrx_word' id='word_1_21' title='bbox 372 609 527 700; x_wconf 85' lang='lat' dir='ltr'>pistillum</span> <span class='ocrx_word' id='word_1_22' title='bbox 552 600 702 686; x_wconf 64' lang='lat' dir='ltr'>ctntnitis</span> <span class='ocrx_word' id='word_1_23' title='bbox 724 627 823 697; x_wconf 87' lang='lat' dir='ltr'>atque</span> <span class='ocrx_word' id='word_1_24' title='bbox 848 611 880 676; x_wconf 88' lang='lat' dir='ltr'>iti</span> <span class='ocrx_word' id='word_1_25' title='bbox 902 629 986 698; x_wconf 87' lang='lat' dir='ltr'>aqua</span> 
     </span>
     <span class='ocr_line' id='line_1_5' title="bbox 143 702 986 799; baseline -0.006 -18"><span class='ocrx_word' id='word_1_26' title='bbox 143 711 327 781; x_wconf 57' lang='lat' dir='ltr'>Jtnaceratis</span> <span class='ocrx_word' id='word_1_27' title='bbox 360 712 392 780; x_wconf 88' lang='lat' dir='ltr'>in</span> <span class='ocrx_word' id='word_1_28' title='bbox 426 706 562 776; x_wconf 86' lang='lat' dir='ltr'>modum</span> <span class='ocrx_word' id='word_1_29' title='bbox 596 702 697 799; x_wconf 79' lang='lat' dir='ltr'>&#39;pultis</span> <span class='ocrx_word' id='word_1_30' title='bbox 727 704 834 776; x_wconf 87' lang='lat' dir='ltr'>forma</span> <span class='ocrx_word' id='word_1_31' title='bbox 865 705 986 776; x_wconf 82' lang='lat' dir='ltr'>idonea</span> 
     </span>
     <span class='ocr_line' id='line_1_6' title="bbox 154 805 740 881; baseline -0.007 -4"><span class='ocrx_word' id='word_1_32' title='bbox 154 809 300 881; x_wconf 84' lang='lat' dir='ltr'>hauritur</span> <span class='ocrx_word' id='word_1_33' title='bbox 319 827 352 876; x_wconf 91' lang='lat' dir='ltr'>et</span> <span class='ocrx_word' id='word_1_34' title='bbox 368 805 409 876; x_wconf 86' lang='lat' dir='ltr'>ad</span> <span class='ocrx_word' id='word_1_35' title='bbox 425 807 534 876; x_wconf 75' lang='lat' dir='ltr'>airam</span> <span class='ocrx_word' id='word_1_36' title='bbox 550 806 740 877; x_wconf 84' lang='lat' dir='ltr'>exficcatut.</span> 
     </span>
    </p>
   </div>
   <div class='ocr_carea' id='block_1_3' title="bbox 512 1001 620 1090">
    <p class='ocr_par' dir='ltr' id='par_1_3' title="bbox 512 1001 620 1090">
     <span class='ocr_line' id='line_1_7' title="bbox 512 1001 620 1090; baseline 0.009 -18"><span class='ocrx_word' id='word_1_37' title='bbox 512 1001 543 1090; x_wconf 82' lang='lat'>§.</span> <span class='ocrx_word' id='word_1_38' title='bbox 569 1001 620 1073; x_wconf 90' lang='lat'>11.</span> 
     </span>
    </p>
   </div>
   <div class='ocr_carea' id='block_1_4' title="bbox 144 1195 991 3156">
    <p class='ocr_par' dir='ltr' id='par_1_4' title="bbox 144 1195 991 3156">
     <span class='ocr_line' id='line_1_8' title="bbox 144 1195 982 1284; baseline -0.002 -12"><span class='ocrx_word' id='word_1_39' title='bbox 144 1244 153 1262; x_wconf 84' lang='lat'><strong>·</strong></span> <span class='ocrx_word' id='word_1_40' title='bbox 204 1205 251 1273; x_wconf 90' lang='lat' dir='ltr'>Vt</span> <span class='ocrx_word' id='word_1_41' title='bbox 275 1201 422 1270; x_wconf 81' lang='lat' dir='ltr'>omniunt</span> <span class='ocrx_word' id='word_1_42' title='bbox 438 1199 555 1268; x_wconf 89' lang='lat' dir='ltr'>attium</span> <span class='ocrx_word' id='word_1_43' title='bbox 573 1199 701 1268; x_wconf 89' lang='lat' dir='ltr'>initium</span> <span class='ocrx_word' id='word_1_44' title='bbox 718 1195 819 1284; x_wconf 87' lang='lat' dir='ltr'>tude,</span> <span class='ocrx_word' id='word_1_45' title='bbox 845 1197 934 1268; x_wconf 84' lang='lat' dir='ltr'>exile</span> <span class='ocrx_word' id='word_1_46' title='bbox 949 1220 982 1270; x_wconf 88' lang='lat' dir='ltr'>et</span> 
     </span>
     <span class='ocr_line' id='line_1_9' title="bbox 146 1296 982 1395; baseline -0.006 -21"><span class='ocrx_word' id='word_1_47' title='bbox 146 1301 317 1395; x_wconf 64' lang='lat' dir='ltr'>adinpleta,</span> <span class='ocrx_word' id='word_1_48' title='bbox 350 1302 392 1368; x_wconf 83' lang='lat' dir='ltr'>itt</span> <span class='ocrx_word' id='word_1_49' title='bbox 421 1316 456 1367; x_wconf 90' lang='lat' dir='ltr'>et</span> <span class='ocrx_word' id='word_1_50' title='bbox 485 1299 670 1390; x_wconf 83' lang='lat' dir='ltr'>gignendae</span> <span class='ocrx_word' id='word_1_51' title='bbox 695 1296 827 1367; x_wconf 90' lang='lat' dir='ltr'>chartae</span> <span class='ocrx_word' id='word_1_52' title='bbox 850 1297 982 1369; x_wconf 74' lang='lat' dir='ltr'>limena</span> 
     </span>
     <span class='ocr_line' id='line_1_10' title="bbox 153 1394 984 1486; baseline -0.01 -14"><span class='ocrx_word' id='word_1_53' title='bbox 153 1399 355 1472; x_wconf 77' lang='lat' dir='ltr'>Montanium</span> <span class='ocrx_word' id='word_1_54' title='bbox 380 1414 414 1464; x_wconf 88' lang='lat' dir='ltr'>et</span> <span class='ocrx_word' id='word_1_55' title='bbox 437 1395 591 1486; x_wconf 83' lang='lat' dir='ltr'>pistillum</span> <span class='ocrx_word' id='word_1_56' title='bbox 616 1415 701 1486; x_wconf 90' lang='lat' dir='ltr'>opus</span> <span class='ocrx_word' id='word_1_57' title='bbox 723 1394 769 1464; x_wconf 85' lang='lat' dir='ltr'>est</span> <span class='ocrx_word' id='word_1_58' title='bbox 786 1395 827 1464; x_wconf 84' lang='lat' dir='ltr'>ad</span> <span class='ocrx_word' id='word_1_59' title='bbox 843 1418 984 1466; x_wconf 88' lang='lat' dir='ltr'>contun-</span> 
     </span>
     <span class='ocr_line' id='line_1_11' title="bbox 145 1492 984 1568; baseline -0.005 0"><span class='ocrx_word' id='word_1_60' title='bbox 145 1499 262 1568; x_wconf 84' lang='lat' dir='ltr'>&#39;denda</span> <span class='ocrx_word' id='word_1_61' title='bbox 289 1495 477 1564; x_wconf 81' lang='lat' dir='ltr'>linamenta.</span> <span class='ocrx_word' id='word_1_62' title='bbox 524 1492 726 1564; x_wconf 78' lang='lat' dir='ltr'>Manibusne</span> <span class='ocrx_word' id='word_1_63' title='bbox 747 1514 857 1564; x_wconf 82' lang='lat' dir='ltr'>autent</span> <span class='ocrx_word' id='word_1_64' title='bbox 883 1516 923 1564; x_wconf 88' lang='lat' dir='ltr'>an</span> <span class='ocrx_word' id='word_1_65' title='bbox 945 1496 984 1564; x_wconf 41' lang='lat' dir='ltr'>&#39;vi</span> 
     </span>
     <span class='ocr_line' id='line_1_12' title="bbox 146 1589 983 1688; baseline -0.006 -21"><span class='ocrx_word' id='word_1_66' title='bbox 146 1617 259 1688; x_wconf 71' lang='lat' dir='ltr'>*aquae</span> <span class='ocrx_word' id='word_1_67' title='bbox 292 1593 423 1661; x_wconf 90' lang='lat' dir='ltr'>ventiue</span> <span class='ocrx_word' id='word_1_68' title='bbox 455 1589 592 1682; x_wconf 85' lang='lat' dir='ltr'>pistillus</span> <span class='ocrx_word' id='word_1_69' title='bbox 624 1611 826 1678; x_wconf 83' lang='lat' dir='ltr'>moueatur,</span> <span class='ocrx_word' id='word_1_70' title='bbox 865 1614 983 1684; x_wconf 84' lang='lat' dir='ltr'>parunt</span> 
     </span>
     <span class='ocr_line' id='line_1_13' title="bbox 145 1687 981 1780; baseline -0.007 -14"><span class='ocrx_word' id='word_1_71' title='bbox 145 1691 298 1766; x_wconf 76' lang='lat' dir='ltr'>interest.</span> <span class='ocrx_word' id='word_1_72' title='bbox 347 1687 436 1760; x_wconf 86' lang='lat' dir='ltr'>Nam</span> <span class='ocrx_word' id='word_1_73' title='bbox 455 1687 506 1758; x_wconf 91' lang='lat' dir='ltr'>vel</span> <span class='ocrx_word' id='word_1_74' title='bbox 523 1691 619 1780; x_wconf 83' lang='lat' dir='ltr'>prisci</span> <span class='ocrx_word' id='word_1_75' title='bbox 638 1689 734 1759; x_wconf 87' lang='lat' dir='ltr'>molis</span> <span class='ocrx_word' id='word_1_76' title='bbox 749 1710 899 1760; x_wconf 83' lang='lat' dir='ltr'>carentes</span> <span class='ocrx_word' id='word_1_77' title='bbox 915 1689 981 1760; x_wconf 83' lang='lat' dir='ltr'>ftu-</span> 
     </span>
     <span class='ocr_line' id='line_1_14' title="bbox 147 1787 984 1880; baseline -0.002 -18"><span class='ocrx_word' id='word_1_78' title='bbox 147 1807 302 1862; x_wconf 70' lang='lat' dir='ltr'>nnentum</span> <span class='ocrx_word' id='word_1_79' title='bbox 320 1791 353 1858; x_wconf 91' lang='lat' dir='ltr'>in</span> <span class='ocrx_word' id='word_1_80' title='bbox 369 1787 451 1879; x_wconf 88' lang='lat' dir='ltr'>pilas</span> <span class='ocrx_word' id='word_1_81' title='bbox 467 1787 597 1858; x_wconf 82' lang='lat' dir='ltr'>missum</span> <span class='ocrx_word' id='word_1_82' title='bbox 613 1787 736 1880; x_wconf 83' lang='lat' dir='ltr'>pistillis</span> <span class='ocrx_word' id='word_1_83' title='bbox 754 1790 936 1860; x_wconf 87' lang='lat' dir='ltr'>tundebant</span> <span class='ocrx_word' id='word_1_84' title='bbox 949 1809 984 1860; x_wconf 91' lang='lat' dir='ltr'>et</span> 
     </span>
     <span class='ocr_line' id='line_1_15' title="bbox 155 1886 983 1978; baseline -0.004 -19"><span class='ocrx_word' id='word_1_85' title='bbox 155 1891 326 1968; x_wconf 86' lang='lat' dir='ltr'>terebant,</span> <span class='ocrx_word' id='word_1_86' title='bbox 350 1887 435 1954; x_wconf 93' lang='lat' dir='ltr'>vnde</span> <span class='ocrx_word' id='word_1_87' title='bbox 459 1886 591 1976; x_wconf 87' lang='lat' dir='ltr'>pistrina</span> <span class='ocrx_word' id='word_1_88' title='bbox 607 1887 685 1956; x_wconf 87' lang='lat' dir='ltr'>olim</span> <span class='ocrx_word' id='word_1_89' title='bbox 704 1907 768 1956; x_wconf 89' lang='lat' dir='ltr'>tatn</span> <span class='ocrx_word' id='word_1_90' title='bbox 786 1887 983 1978; x_wconf 82' lang='lat' dir='ltr'><strong>frequentia.</strong></span> 
     </span>
     <span class='ocr_line' id='line_1_16' title="bbox 153 1984 985 2077; baseline -0.001 -20"><span class='ocrx_word' id='word_1_91' title='bbox 153 1986 243 2057; x_wconf 87' lang='lat' dir='ltr'>Cum</span> <span class='ocrx_word' id='word_1_92' title='bbox 267 2003 347 2052; x_wconf 89' lang='lat' dir='ltr'>veto</span> <span class='ocrx_word' id='word_1_93' title='bbox 373 1985 407 2052; x_wconf 90' lang='lat' dir='ltr'>id</span> <span class='ocrx_word' id='word_1_94' title='bbox 431 1987 528 2053; x_wconf 85' lang='lat' dir='ltr'>nimis</span> <span class='ocrx_word' id='word_1_95' title='bbox 549 1984 666 2055; x_wconf 84' lang='lat' dir='ltr'>multas</span> <span class='ocrx_word' id='word_1_96' title='bbox 683 2007 797 2058; x_wconf 86' lang='lat' dir='ltr'>manus</span> <span class='ocrx_word' id='word_1_97' title='bbox 811 1985 985 2077; x_wconf 77' lang='lat' dir='ltr'>posceret,</span> 
     </span>
     <span class='ocr_line' id='line_1_17' title="bbox 151 2081 986 2174; baseline 0.004 -23"><span class='ocrx_word' id='word_1_98' title='bbox 151 2103 239 2173; x_wconf 87' lang='lat' dir='ltr'>quae</span> <span class='ocrx_word' id='word_1_99' title='bbox 264 2081 306 2149; x_wconf 87' lang='lat' dir='ltr'>ad</span> <span class='ocrx_word' id='word_1_100' title='bbox 328 2081 390 2149; x_wconf 83' lang='lat' dir='ltr'>alia</span> <span class='ocrx_word' id='word_1_101' title='bbox 412 2081 520 2150; x_wconf 89' lang='lat' dir='ltr'>vtilius</span> <span class='ocrx_word' id='word_1_102' title='bbox 542 2084 775 2168; x_wconf 81' lang='lat' dir='ltr'>adhibendae,</span> <span class='ocrx_word' id='word_1_103' title='bbox 811 2087 986 2174; x_wconf 87' lang='lat' dir='ltr'>cariusque</span> 
     </span>
     <span class='ocr_line' id='line_1_18' title="bbox 146 2177 987 2276; baseline -0.001 -25"><span class='ocrx_word' id='word_1_104' title='bbox 146 2181 305 2264; x_wconf 73' lang='lat' dir='ltr'>stabant,</span> <span class='ocrx_word' id='word_1_105' title='bbox 344 2179 385 2247; x_wconf 87' lang='lat' dir='ltr'>ad</span> <span class='ocrx_word' id='word_1_106' title='bbox 412 2177 516 2248; x_wconf 84' lang='lat' dir='ltr'>ntolas</span> <span class='ocrx_word' id='word_1_107' title='bbox 544 2181 750 2250; x_wconf 82' lang='lat' dir='ltr'>exstruendas</span> <span class='ocrx_word' id='word_1_108' title='bbox 774 2180 987 2276; x_wconf 83' lang='lat' dir='ltr'>progressum</span> 
     </span>
     <span class='ocr_line' id='line_1_19' title="bbox 147 2277 988 2362; baseline 0.001 -13"><span class='ocrx_word' id='word_1_109' title='bbox 147 2279 201 2349; x_wconf 80' lang='lat' dir='ltr'>est</span> <span class='ocrx_word' id='word_1_110' title='bbox 232 2279 303 2362; x_wconf 83' lang='lat' dir='ltr'>ita,</span> <span class='ocrx_word' id='word_1_111' title='bbox 341 2297 376 2344; x_wconf 92' lang='lat' dir='ltr'>vt</span> <span class='ocrx_word' id='word_1_112' title='bbox 407 2277 494 2346; x_wconf 80' lang='lat' dir='ltr'>circa</span> <span class='ocrx_word' id='word_1_113' title='bbox 529 2299 673 2348; x_wconf 82' lang='lat' dir='ltr'>totarum</span> <span class='ocrx_word' id='word_1_114' title='bbox 706 2278 830 2350; x_wconf 83' lang='lat' dir='ltr'>frontes</span> <span class='ocrx_word' id='word_1_115' title='bbox 857 2279 988 2350; x_wconf 84' lang='lat' dir='ltr'>adfixae</span> 
     </span>
     <span class='ocr_line' id='line_1_20' title="bbox 147 2375 988 2470; baseline 0.002 -26"><span class='ocrx_word' id='word_1_116' title='bbox 147 2379 301 2470; x_wconf 67' lang='lat' dir='ltr'>pinnae,</span> <span class='ocrx_word' id='word_1_117' title='bbox 334 2395 411 2444; x_wconf 81' lang='lat' dir='ltr'>eunt</span> <span class='ocrx_word' id='word_1_118' title='bbox 442 2376 484 2444; x_wconf 87' lang='lat' dir='ltr'>ab</span> <span class='ocrx_word' id='word_1_119' title='bbox 518 2377 644 2466; x_wconf 87' lang='lat' dir='ltr'>impetu</span> <span class='ocrx_word' id='word_1_120' title='bbox 668 2375 810 2448; x_wconf 83' lang='lat' dir='ltr'>fluminis</span> <span class='ocrx_word' id='word_1_121' title='bbox 836 2399 988 2448; x_wconf 90' lang='lat' dir='ltr'>ventoue</span> 
     </span>
     <span class='ocr_line' id='line_1_21' title="bbox 145 2474 990 2570; baseline 0.002 -26"><span class='ocrx_word' id='word_1_122' title='bbox 145 2474 405 2570; x_wconf 72' lang='lat' dir='ltr'>percutiuntur,</span> <span class='ocrx_word' id='word_1_123' title='bbox 442 2476 692 2568; x_wconf 81' lang='lat' dir='ltr'>progredientes</span> <span class='ocrx_word' id='word_1_124' title='bbox 726 2495 830 2546; x_wconf 86' lang='lat' dir='ltr'>rotant</span> <span class='ocrx_word' id='word_1_125' title='bbox 866 2474 990 2546; x_wconf 75' lang='lat' dir='ltr'>versati</span> 
     </span>
     <span class='ocr_line' id='line_1_22' title="bbox 151 2567 990 2668; baseline -0.001 -24"><span class='ocrx_word' id='word_1_126' title='bbox 151 2589 287 2668; x_wconf 84' lang='lat' dir='ltr'>cogant.</span> <span class='ocrx_word' id='word_1_127' title='bbox 337 2567 437 2638; x_wconf 82' lang='lat' dir='ltr'>Nasci</span> <span class='ocrx_word' id='word_1_128' title='bbox 470 2573 572 2664; x_wconf 83' lang='lat' dir='ltr'>igitur</span> <span class='ocrx_word' id='word_1_129' title='bbox 603 2576 713 2664; x_wconf 88' lang='lat' dir='ltr'>potuit</span> <span class='ocrx_word' id='word_1_130' title='bbox 744 2575 855 2646; x_wconf 82' lang='lat' dir='ltr'>charta</span> <span class='ocrx_word' id='word_1_131' title='bbox 879 2573 990 2646; x_wconf 84' lang='lat' dir='ltr'>lintea</span> 
     </span>
     <span class='ocr_line' id='line_1_23' title="bbox 154 2665 991 2766; baseline 0.005 -28"><span class='ocrx_word' id='word_1_132' title='bbox 154 2692 255 2762; x_wconf 86' lang='lat' dir='ltr'>opem</span> <span class='ocrx_word' id='word_1_133' title='bbox 279 2667 365 2738; x_wconf 86' lang='lat' dir='ltr'>haud</span> <span class='ocrx_word' id='word_1_134' title='bbox 381 2665 506 2737; x_wconf 82' lang='lat' dir='ltr'>ferente</span> <span class='ocrx_word' id='word_1_135' title='bbox 524 2669 623 2739; x_wconf 87' lang='lat' dir='ltr'>mola.</span> <span class='ocrx_word' id='word_1_136' title='bbox 674 2671 759 2742; x_wconf 83' lang='lat' dir='ltr'>Sane</span> <span class='ocrx_word' id='word_1_137' title='bbox 775 2693 881 2766; x_wconf 83' lang='lat' dir='ltr'>aeque</span> <span class='ocrx_word' id='word_1_138' title='bbox 896 2671 991 2742; x_wconf 82' lang='lat' dir='ltr'>haud</span> 
     </span>
     <span class='ocr_line' id='line_1_24' title="bbox 154 2759 991 2860; baseline 0.002 -24"><span class='ocrx_word' id='word_1_139' title='bbox 154 2771 326 2860; x_wconf 82' lang='lat' dir='ltr'>indignum</span> <span class='ocrx_word' id='word_1_140' title='bbox 366 2759 639 2858; x_wconf 55' lang='lat' dir='ltr'>indigatione,</span> <span class='ocrx_word' id='word_1_141' title='bbox 676 2770 808 2858; x_wconf 86' lang='lat' dir='ltr'>quando</span> <span class='ocrx_word' id='word_1_142' title='bbox 847 2771 991 2841; x_wconf 86' lang='lat' dir='ltr'>demum</span> 
     </span>
     <span class='ocr_line' id='line_1_25' title="bbox 153 2861 989 2963; baseline 0.002 -29"><span class='ocrx_word' id='word_1_143' title='bbox 153 2865 243 2934; x_wconf 88' lang='lat' dir='ltr'>mola</span> <span class='ocrx_word' id='word_1_144' title='bbox 283 2865 388 2954; x_wconf 81' lang='lat' dir='ltr'>prima</span> <span class='ocrx_word' id='word_1_145' title='bbox 428 2861 654 2934; x_wconf 86' lang='lat' dir='ltr'>conficiendae</span> <span class='ocrx_word' id='word_1_146' title='bbox 691 2867 823 2937; x_wconf 86' lang='lat' dir='ltr'>chartae</span> <span class='ocrx_word' id='word_1_147' title='bbox 860 2867 989 2963; x_wconf 76' lang='lat' dir='ltr'>linteae</span> 
     </span>
     <span class='ocr_line' id='line_1_26' title="bbox 146 2962 990 3058; baseline 0 -24"><span class='ocrx_word' id='word_1_148' title='bbox 146 2962 251 3034; x_wconf 67' lang='lat' dir='ltr'>fuerit</span> <span class='ocrx_word' id='word_1_149' title='bbox 271 2962 470 3044; x_wconf 63' lang='lat' dir='ltr'>combusta,</span> <span class='ocrx_word' id='word_1_150' title='bbox 495 2983 603 3050; x_wconf 89' lang='lat' dir='ltr'>quaue</span> <span class='ocrx_word' id='word_1_151' title='bbox 620 2965 746 3033; x_wconf 85' lang='lat' dir='ltr'>ratione</span> <span class='ocrx_word' id='word_1_152' title='bbox 764 2967 866 3058; x_wconf 84' lang='lat' dir='ltr'>tnagis</span> <span class='ocrx_word' id='word_1_153' title='bbox 881 2985 990 3056; x_wconf 87' lang='lat' dir='ltr'>atque</span> 
     </span>
     <span class='ocr_line' id='line_1_27' title="bbox 144 3057 991 3156; baseline 0.004 -28"><span class='ocrx_word' id='word_1_154' title='bbox 144 3061 255 3156; x_wconf 74' lang='lat' dir='ltr'>nangis</span> <span class='ocrx_word' id='word_1_155' title='bbox 278 3057 415 3147; x_wconf 82' lang='lat' dir='ltr'>cultae,</span> <span class='ocrx_word' id='word_1_156' title='bbox 449 3075 484 3130; x_wconf 90' lang='lat' dir='ltr'>vt</span> <span class='ocrx_word' id='word_1_157' title='bbox 506 3058 614 3130; x_wconf 82' lang='lat' dir='ltr'>nostra</span> <span class='ocrx_word' id='word_1_158' title='bbox 638 3079 743 3134; x_wconf 84' lang='lat' dir='ltr'>aetate</span> <span class='ocrx_word' id='word_1_159' title='bbox 762 3063 803 3136; x_wconf 87' lang='lat' dir='ltr'>ad</span> <span class='ocrx_word' id='word_1_160' title='bbox 818 3061 991 3140; x_wconf 81' lang='lat' dir='ltr'>summurn</span> 
     </span>
    </p>
   </div>
   <div class='ocr_carea' id='block_1_5' title="bbox 807 3168 993 3252">
    <p class='ocr_par' dir='ltr' id='par_1_5' title="bbox 807 3168 993 3252">
     <span class='ocr_line' id='line_1_28' title="bbox 807 3168 993 3252; baseline -0.022 -18"><span class='ocrx_word' id='word_1_161' title='bbox 807 3168 822 3204; x_wconf 84' lang='lat'><em>&#39;</em></span> <span class='ocrx_word' id='word_1_162' title='bbox 908 3181 993 3252; x_wconf 88' lang='lat' dir='ltr'>per·</span> 
     </span>
    </p>
   </div>
   <div class='ocr_carea' id='block_1_6' title="bbox 0 0 1086 3570">
    <p class='ocr_par' dir='ltr' id='par_1_6' title="bbox 0 0 1086 3570">
     <span class='ocr_line' id='line_1_29' title="bbox 0 0 1086 3570; baseline 0 0"><span class='ocrx_word' id='word_1_163' title='bbox 0 0 1086 3570; x_wconf 95' lang='lat' dir='ltr'> </span> 
     </span>
    </p>
   </div>
  </div>
 </body>
</html>
