2138 3570
113 233 169 316 gp,
247 209 837 298 .0asuav.naro.uua

26 469 31 486 ,
116 397 273 470 incurram
295 395 438 484 patiatur
461 410 495 462 et
518 389 628 462 tabula
647 410 681 463 et
697 391 856 488 scriptura
872 416 964 487 quo·¹
1040 419 1042 422 ·

119 491 541 586 libetppulloduistetiore
558 488 645 562 casu.

477 690 509 781 §-
535 689 604 763 vr.

168 837 259 911 Cum
282 836 367 908 istud
389 840 555 929 antiquius
571 835 720 908 'seculum
738 839 845 911 minus
865 839 959 910 ferax

119 935 254 1020 scribis,
288 939 368 1026 quin
385 937 543 1028 pleraque
561 956 634 1024 pars
650 936 839 1008 mortalium
856 941 958 1010 animi

120 1035 168 1108 sui
197 1034 284 1106 sensa
310 1036 478 1107 literarum
495 1037 720 1132 ¹monimentis
743 1038 960 1108 commenda-

123 1155 195 1206 tura
221 1125 550 1206 aliorumscribeudi
574 1136 759 1225 peritorum
782 1155 851 1203 turn
875 1158 961 1226 pau·

121 1236 251 1304 ciorum
283 1233 360 1306 fidei
392 1233 423 1303 se
456 1232 681 1321 relinquerent
702 1233 816 1318 ade0,
851 1253 889 1304 vt
913 1256 959 1305 ne
994 1283 999 1288 -

119 1333 256 1423 quidem
279 1335 423 1403 nominis
446 1330 703 1421 subscriptione,
729 1330 786 1400 nist
812 1330 960 1422 lmpera-

120 1449 211 1502 tores
227 1431 406 1524 Regesque
420 1447 723 1525 monogrammate,
739 1430 960 1523 agnoscerent

119 1547 272 1614 exarata,
298 1529 430 1600 necesse
457 1549 545 1616 erat,
569 1530 660 1618 quod
678 1530 735 1620 ipsi
754 1533 785 1596 in
803 1549 959 1599 extremo

117 1625 290 1701 literarum
307 1628 522 1721 profitentur,
539 1625 646 1744 sigillo
662 1648 700 1697 ea
712 1629 849 1698 munire.
876 1627 958 1700 Hoc

117 1725 224 1800 literis
248 1727 467 1827 adpendere
461 1745 530 1796 erat
553 1729 671 1812 moris,
706 1725 798 1818 quod
808 1728 957 1846 quidem

117 1827 154 1894 in
178 1828 438 1898 membranaceis
460 1812 639 1897 commode
664 1824 734 1896 sieri
759 1827 887 1916 quiuit,
921 1829 956 1898 in

118 1921 301 1992 chartaceis
325 1945 435 1996 aurem
460 1947 528 1996 non
552 1924 618 1996 fine
634 1924 786 2016 periculo
804 1923 957 1996 scissurae

119 2019 225 2089 literis
253 2026 371 2095 noxiae
400 2045 489 2095 ext
468 2022 563 2120 figilli
593 2024 754 2112 pondere.
803 2021 850 2094 Vt
875 2043 958 2096 vero

119 2115 230 2188 illud
221 2122 467 2210 unprimerent,
492 2142 560 2191 non
580 2122 657 2190 dum
674 2124 785 2192 aderat
802 2125 956 2206 materia,

122 2237 221 2308 quam
248 2218 392 2290 nostrum
419 2241 589 2335 quoque
580 2239 699 2290 aeuum
716 2221 806 2291 dedit
822 2221 958 2291 demum

119 2316 376 2405 tenacissimam,
394 2322 483 2411 quin
502 2318 697 2390 adhiberent
718 2340 814 2390 cerae
830 2341 956 2414 genua,

119 2416 175 2484 cui
205 2415 357 2506 impofita
390 2419 500 2488 charta
533 2414 673 2510 figillum
705 2415 957 2506 inscriberetur,

120 2509 220 2597 casui
229 2513 368 2586 aduerso
385 2515 440 2588 vel
455 2518 497 2590 ad
513 2515 579 2588 huc
594 2518 683 2606 apud
699 2538 761 2588 nos
777 2517 957 2644 obnoxiae

464 2714 495 2803 §-
520 2713 612 2784 vu.

169 2855 229 2927 Illa
264 2880 374 2932 autem
408 2865 526 2932 euntia
560 2860 739 2934 suadebant
770 2864 959 2953 parciorem

120 2954 342 3030 chartularum
366 2957 458 3030 usum
481 2982 516 3032 vr
534 2981 616 3052 pote
635 2962 743 3030 minus
752 2963 976 3056 perennium·

120 3073 153 3124 er
160 3053 210 3158 ad
227 3057 376 3145 posteros
384 3060 412 3130 d
416 3063 589 3164 orantium.

779 3107 811 3249 §ss
837 3157 957 3234 vm.
