2170 3576
133 255 137 264 ·
199 204 259 299 64·
319 195 910 283 DEARAVBIORUM.
1062 296 1063 311 Ν

130 407 133 417 ,
185 335 282 408 'ntur
301 328 376 407 eam
392 349 468 405 rem
482 328 547 404 suis
563 331 832 404 commentariis
842 327 983 428 praerni-

201 450 255 506 ret
265 430 398 522 Caesar,
408 428 679 526 ignominiosum
693 429 994 502 ratusnuuibinn
1054 446 1065 523 j¹

199 528 359 603 vincere:
380 545 421 597 ut
429 525 664 626 jurequodarn
673 523 733 596 suo
742 527 781 598 in
790 524 877 620 ipso
886 522 996 598 infide

200 625 337 700 litatem
363 641 497 696 notaret
524 621 664 695 Afinius
687 620 829 710 Pollio)
863 622 996 720 primam

201 721 337 794 cladem
378 719 608 794 aGermanis
642 737 867 815 acceperat,
907 715 994 792 arniffi
1064 681 1065 770 i

203 817 313 914 aquila
334 814 472 912 quintae
495 817 654 912 legionis.
686 815 829 888 Aucior
861 815 996 912 deins

202 911 404 988 Patercuius
428 911 490 986 lib.
498 916 539 987 11.
551 911 612 1004 98.
635 905 736 985 Hinc
752 935 842 984 cura
862 911 1000 985 Germ·

204 1009 367 1085 nicibclli
378 1007 493 1083 Druso
501 1010 671 1107 delegata:
687 1029 919 1103 eoqueanno
926 1007 1004 1082 urbis

206 1109 259 1191 10
277 1105 470 1180 CCXLV.
491 1105 658 1179 defunEio
678 1103 1006 1202 (nemoriani.)

205 1206 309 1280 fratri,
328 1205 474 1276 Tiberio
489 1203 640 1276 Neroni.
692 1203 764 1274 Vix
784 1219 915 1276 tamen
933 1227 1007 1276 con·

207 1300 338 1378 serrum
354 1299 507 1393 bellum,
533 1323 640 1401 quum
657 1295 810 1372 Tiberio
831 1301 872 1374 in
893 1302 1006 1374 urben
1066 1293 1067 1308 ¹

208 1394 380 1496 regresso,
408 1400 558 1494 primum
572 1394 778 1483 Germania,
801 1398 1004 1470 acdeinitc·
1067 1451 1068 1489 r

208 1517 286 1568 rum
320 1494 516 1592 iterumque
542 1493 742 1587 rebellaret,
767 1495 1000 1566 exeuntcim·
1067 1495 1068 1530 ¹

209 1591 308 1705 perio
332 1589 508 1690 Augusti5
532 1593 655 1666 eodem
672 1589 926 1701 Vellejoteste,
941 1587 998 1685 qui

210 1687 281 1785 rpse
299 1684 401 1760 rebus
416 1708 494 1760 rum
510 1691 613 1788 gestis
628 1686 806 1775 interfuit,
833 1687 1002 1760 Neronia·
1068 1770 1069 1778 ἵ

211 1806 330 1860 aarum
347 1783 483 1860 laudum
502 1809 626 1884 praeco
643 1785 779 1858 nimius.
814 1788 876 1856 Ad
893 1803 1001 1858 extre·

211 1905 332 1967 mum,
358 1906 466 1981 quum
490 1881 583 1956 bello
607 1881 740 1954 subacta
762 1881 918 1954 aDruso
936 1905 1001 1980 pm

213 1977 422 2052 Germaniae
446 1981 589 2052 circiter
614 1980 744 2078 viginti
766 1980 897 2070 annis,
922 1981 1000 2052 brea·

206 2075 343 2170 gaudio,
367 2093 409 2148 ut
435 2074 584 2169 Flomr,
610 2099 712 2174 aegre
727 2077 763 2148 in
780 2073 908 2148 officio
923 2099 995 2149 corr·

212 2170 407 2256 tineretur3
435 2169 631 2268 Qintilius
656 2177 792 2258 Vama,
828 2169 994 2272 superstite

212 2267 315 2340 ctiam
343 2267 506 2366 Augusto
534 2269 679 2367 (omnes
699 2269 857 2370 norunt)
871 2268 1003 2370 gmvio·

213 2387 251 2436 re
271 2387 354 2438 cum
369 2367 477 2440 trium
495 2367 674 2464 legionum
686 2364 816 2465 jacium
832 2368 873 2439 ab
890 2363 1006 2438 Armi-

214 2463 275 2532 nio
295 2462 492 2557 oppreffus‚
518 2464 748 2537 neceffitatcm
775 2463 934 2562 Augusto
943 2466 1004 2538 im·

214 2556 354 2655 posuit,
377 2563 600 2656 quamobrem
615 2562 656 2634 ad
676 2585 750 2633 eanr
771 2562 1000 2634 vindicandam

216 2653 470 2732 Germanicum
495 2656 727 2753 proconsulari
768 2657 937 2755 potestate
966 2658 1000 2728 in

217 2747 441 2828 Germaniam
452 2757 628 2848 mitteret,
651 2753 999 2854 ocroiegionibusim·

216 2847 390 2944 possrum:
414 2847 516 2947 eopse
533 2874 623 2927 anno
640 2875 710 2950 quo
730 2851 850 2923 Nolae
865 2854 902 2924 in
911 2855 1009 2925 Cam·

214 2944 313 3033 pania
329 2945 530 3018 decefferat:
555 2971 657 3046 aquo
671 2948 814 3021 Annales
824 2946 1007 3022 suosexor·

214 3035 266 3107 sus
292 3033 422 3127 noster,
448 3039 585 3116 duobus
611 3044 746 3136 Sextis,
771 3047 944 3144 Pompejo
971 3046 1004 3116 &

913 3150 1008 3238 Apu·
