2170 3576
193 185 248 276 34
272 177 339 260 os
353 173 485 294 suu
503 174 682 280 canus
699 149 850 258 nucu
866 177 965 258 cus.

198 302 469 393 decerneretur,
502 313 574 387 hoc
598 311 711 411 lapide
734 316 980 414 repraesentui,

198 411 387 486 refiduoex
411 410 527 508 aliquo
543 431 684 481 arcuum
703 413 987 512 collapsotumdi·

198 507 481 604 studiorumque.
505 504 633 579 Cernas
647 509 744 580 enim
761 510 991 609 vehiculoge·

200 605 326 680 statum
361 602 592 774 Augustum,
624 603 736 677 laurea
774 608 987 700 redimitum,

1036 23 1079 367 i

1060 383 1068 459 i

201 726 286 775 curn
303 702 421 798 nepoti
448 724 501 773 us.
532 697 586 771 Hi
602 723 706 788 vero,
729 720 898 801 tanquam
910 700 988 774 Cae·
1078 741 1079 774 t

201 797 304 890 sares,
329 797 489 870 carebant
504 795 718 883 diademate,
745 797 991 874 utconstatex

203 889 991 1008 Jntmtnistonastzofimovt.13.nnnc

203 989 367 1087 rmpofita
389 990 428 1063 ὃ(
454 991 576 1063 ceteris
607 989 756 1064 arcubus
782 1011 996 1084 ornamenta,

206 1089 351 1186 clypeos
369 1109 452 1160 cum
462 1083 581 1170 hastis,
605 1084 730 1182 quibus
740 1088 997 1184 cajum&Lu·

208 1189 304 1259 cium
324 1183 481 1282 equester
499 1184 589 1256 ordo
605 1184 663 1256 die
680 1183 791 1256 virilis
811 1203 924 1285 togae
941 1185 999 1257 do·

206 1300 363 1360 navarat:
388 1277 602 1377 infigniaque
626 1279 816 1368 militaria,
841 1305 932 1379 quae
945 1283 1001 1355 im·

207 1395 382 1476 peratores
395 1375 486 1473 apud
508 1375 700 1448 exercitum
717 1399 950 1476 acceperant:
969 1377 1005 1450 δι

207 1474 352 1550 titulum
378 1495 418 1546 ac
445 1471 521 1545 fasti
550 1473 585 1544 io
602 1471 765 1564 statuam,
791 1475 850 1549 vel
865 1497 1006 1548 aureum

209 1595 362 1645 conum.
385 1588 425 1643 ut
449 1568 495 1641 in'
552 1565 619 1641 rust
643 1588 894 1644 monumento:
918 1593 1008 1670 quae

209 1667 270 1744 lon
299 1692 317 1742 a
339 1687 428 1742 aetas
455 1663 609 1739 abstulit.
657 1665 855 1740 Conditum
871 1669 1007 1740 veroin

210 1691 323 1841 media
336 1787 411 1838 area
425 1761 704 1860 cenotaphium,
729 1764 1009 1861 circaquodmi·

212 1864 261 1939 les
283 1860 466 1958 quotannis
492 1859 580 1931 stato
601 1859 657 1930 die
672 1861 877 1934 decurreret
892 1861 1011 1936 ludos·

213 1981 281 2056 que
301 1957 489 2030 celebraret
506 1957 543 2028 in
558 1956 728 2030 honorem
737 1956 1013 2033 defunetorum:

213 2063 249 2128 δι
274 2052 466 2126 Galliarum
491 2052 652 2125 civitates
672 2072 776 2149 atque
801 2055 841 2127 in
857 2055 916 2128 his
931 2081 1018 2152 pro-

213 2150 302 2226 ximi
326 2145 415 2224 Vbii
423 2172 478 2220 -ac
502 2150 673 2241 Treveri,
707 2151 748 2222 ad
772 2172 844 2222 aras
865 2171 1016 2248 cryptae

215 2241 413 2347 impofitas,
432 2243 606 2343 gliscente
620 2243 839 2342 adulatione,
860 2251 1014 2320 detnore

215 2367 289 2418 rem
314 2343 462 2416 divinam
480 2339 644 2416 facerent.
690 2341 832 2416 Prorsus
850 2345 1014 2442 quemad-

216 2441 361 2514 modum
379 2439 546 2512 tredecim
560 2439 739 2513 antrannis
747 2441 906 2516 manibus
914 2439 1013 2514 Dru·

217 2535 408 2613 fiNeronis
418 2534 475 2623 ‚ad
492 2535 582 2610 illius
590 2535 763 2611 tumulum
777 2537 1013 2622 honorarium,
1068 2567 1069 2577 ¹

213 2656 323 2734 ¹quem
345 2632 447 2729 supra
467 2631 645 2725 diximus,
671 2632 847 2730 profunda
867 2633 904 2704 in
925 2635 1012 2706 valle

215 2732 309 2830 ¹apud
343 2729 619 2827 Moguntiacum
656 2727 914 2828 (mustnlntb
947 2755 1010 2808 vo·

217 2827 325 2922 cant)
343 2823 475 2900 inferias
493 2827 609 2904 facere
624 2848 872 2926 occoeperaut.

926 3115 1014 3206 CA-
1062 3049 1063 3056 ἵ
