2164 3568
130 221 206 328 ξιξ
275 217 859 294 Οιιειιιιτιοιιιι.

151 395 245 466 -sed
265 396 415 466 finiamus
453 395 584 466 modern
622 401 936 490 commentationem

127 493 214 576 nina
237 493 376 564 modurn
401 493 471 586 jam
504 497 726 586 probabam,
758 493 826 587 n,
865 451 961 589 quoi

125 609 266 678 vercor,
289 589 388 681 Tibi,
418 591 546 662 illustris
559 589 798 680 Meermanne,
824 615 960 686 propre-

125 711 183 758 rea
204 690 274 761 fere
290 691 470 772 molestam.
515 689 603 785 Quae
621 689 648 760 fi
670 693 776 762 nihilo
789 691 894 763 secius
921 695 958 765 se

123 783 205 858 Tibi
227 792 402 879 probarit,
432 791 596 880 virisque,
628 793 686 880 qui
712 789 958 870 observationes

122 885 196 979 iiras
236 889 292 958 bic
333 887 574 973 contulerunt,
610 890 769 972 eximiis,
801 888 957 978 habebo,

122 987 218 1078 qood
233 985 409 1078 impenfius
429 987 511 1059 mrbi
532 985 694 1079 gratuler,
720 985 829 1059 officio
845 990 952 1078 enim,

121 1085 334 1156 aSodalibus
355 1089 390 1155 in
413 1107 468 1174 me
486 1083 659 1170 mamiato,
685 1086 794 1180 probe
812 1105 866 1157 me
880 1104 955 1176 per·

119 1179 271 1262 faustam
304 1181 428 1266 moseri
461 1185 634 1275 percupio,
689 1177 773 1252 Non
806 1201 954 1273 repetam

119 1280 956 1474 ffidie’essmioissiii’niiss'iiii‘iffli

384 1453 388 1462 .
899 1429 911 1463 7

118 1499 194 1564 me,
219 1477 399 1547 litterarum
415 1479 601 1568 principio,
625 1471 728 1548 astas:
755 1497 832 1546 cum
849 1479 951 1553 maxi·

118 1597 190 1646 mas
205 1573 272 1666 jam
290 1573 447 1664 prusenus
462 1574 531 1662 {im
579 1575 627 1658 At
647 1593 793 1644 marnam
808 1573 947 1644 nostram

120 1679 156 1752 in
180 1673 233 1743 Te
254 1671 522 1765 observantiam,
554 1665 778 1758 &affectam
810 1689 872 1762 pro
896 1689 953 1739 ne.-

119 1771 338 1868 ceffimdioe,
369 1793 446 1864 qna
466 1789 527 1842 nos
556 1770 757 1856 intercedit,
794 1787 874 1868 erga
900 1767 952 1853 Ta

117 1870 260 1964 Tuoque
275 1873 445 1956 intimum,
467 1867 547 1956 Tibi
566 1867 673 1954 testor,

168 1967 415 2058 speciminibus
429 1966 494 2038 illis
518 1967 727 2037 vetustiorum
743 1963 946 2050 chartarum,

116 2061 948 2251 geogrgffissgffgffisrgfficffiggaegffl

117 2265 177 2332 tim
197 2257 274 2331 fidei
287 2277 422 2329 manent
436 2259 648 2346 concreditae.
696 2255 786 2330 Cum
808 2277 885 2328 vero
903 2273 950 2326 ta·

115 2360 161 2436 lia
185 2377 252 2426 non
273 2355 429 2428 abscondi
452 2356 622 2446 debeant,
653 2357 709 2427 sed
734 2359 767 2426 in
792 2355 951 2448 plurimos

115 2458 190 2528 usus
208 2455 379 2540 converti,
402 2475 591 2548 pergratum
607 2451 688 2524 Tibi
711 2453 868 2526 forenna
887 2453 951 2538 do·

116 2549 210 2641 bito,
235 2573 309 2637 me,
333 2549 413 2621 licet
439 2551 558 2622 libello
584 2549 664 2622 Tuo
685 2553 835 2626 nondum
859 2549 957 2630 ,evul-

115 2677 216 2750 garo‚
241 2650 379 2734 eadem,
404 2648 616 2744 plagulasque
631 2649 724 2720 fimul
740 2645 952 2732 transmiffas,

114 2776 191 2822 cum
209 2747 321 2820 illustri
336 2741 506 2835 fficium,
532 2747 771 2842 elegantiffimae
796 2748 952 2832 doftrinae

112 2847 286 2931 Medico,
316 2841 568 2925 communicaiib
588 2869 597 2915 ι
628 2865 752 2936 aquo,
778 2849 811 2916 in
830 2843 953 2914 littera·

113 2944 228 3012 tiffima
262 2943 304 3012 de
344 2941 520 3026 vaicradr'af
549 2941 681 3011 bominis
712 2943 786 3023 nudi
817 2937 860 3024 Β
890 2961 956 3016 coo·

107 3037 192 3130 perri
214 3037 461 3127 dissertatione,
500 3039 562 3132 (d)
589 3059 666 3110 cam
692 3041 736 3110 ad
763 3042 956 3124 vestimenta

349 3239 378 3290 a.
398 3227 428 3290 d.
448 3245 483 3290 21
502 3225 601 3312 Jrrir'i,
622 3227 693 3293 onai
712 3213 803 3311 1763.¹
893 3157 955 3228 pn·
