2138 3570
99 217 148 314 ga,
225 205 582 288 und-amani
606 207 830 288 aoniae

108 413 130 436 ¹*
149 389 220 466 Sed
242 382 299 465 'ab
317 379 489 494 'Hiapania'
513 393 683 466 einaiss'a'
701 399 771 464 nbn
802 387 939 468 fuiiiene

102 491 255 578 sudaria
286 493 355 564 nist
373 509 466 588 grata
492 491 553 565 effe
578 493 748 564 deberent
798 493 943 566 Eorum

99 610 183 662 uero
201 591 418 706 frequentiam
437 589 526 667 nihii
537 594 641 690 magis
653 592 799 682 probat,
832 595 939 685 quam

101 689 245 763 Plinium
278 694 311 760 in
345 689 568 762 Dedicatione
598 692 709 780 operis
737 691 943 772 immortalia

101 787 230 860 Saetaba
251 790 441 874 nominate,
466 809 526 879 pet
543 787 667 881 eliipstn
688 793 929 860 ommittentem

101 885 250 958 sudatia.
279 907 354 977 quae
378 881 479 980 figura
503 909 571 956 nun
596 889 839 969 committitur,
870 887 933 956 nin

101 1005 179 1057 caan
202 984 385 1056 verborum
401 983 475 1054 usin
500 986 543 1055 ita
558 983 713 1075 frequens
726 985 796 1069 est,
830 1003 866 1056 ut
884 985 934 1055 fa-

101 1083 168 1155 cile
182 1082 317 1166 sciatur,
333 1082 425 1173 quod
441 1077 788 1178 nomensupplendum
798 1083 844 1154 fit.
870 1083 932 1153 Illa

93 1201 183 1266 ,ueto
205 1180 330 1252 fudatia
353 1179 442 1250 fatae
463 1179 571 1258 linea,
597 1179 695 1250 facile
715 1181 847 1266 credet,
871 1183 933 1271 qui

102 1281 289 1351 meminerit
300 1275 490 1362 Vatinium
507 1293 582 1349 cum
599 1277 805 1349 accusaretur
818 1303 837 1348 a
851 1279 935 1352 Cal
933 1295 939 1305 ’

102 1401 173 1464 vo,
214 1377 377 1454 candido
389 1376 531 1456 stantem
558 1375 687 1448 sudario
712 1376 860 1464 tenfisse,
891 1397 931 1448 ut

101 1495 263 1556 memorat
285 1471 509 1576 Quintilianus
534 1474 608 1547 Lid.
626 1475 686 1547 VI.
702 1491 781 1590 ‘aaa
802 1500 831 1564 3.
860 1499 930 1546 non

104 1575 206 1669 igitur
227 1595 318 1648 erant
334 1595 353 1642 e
371 1593 481 1664 panno
496 1571 593 1646 laneo
609 1623 625 1658 ,
654 1575 711 1664 qui
726 1594 833 1664 neque
850 1571 934 1645 solet

103 1671 166 1744 eise
178 1669 310 1754 albuss
305 1673 427 1764 neque
444 1669 552 1746 sudori
567 1667 759 1744 exsrieando
773 1694 869 1762 aptus
885 1675 931 1740 ob

101 1770 296 1842 scabritiem.
345 1769 503 1860 Idemque
526 1767 701 1846 dicendum
718 1770 764 1841 est
780 1773 821 1844 de
839 1769 933 1844 suda·

101 1871 152 1938 tio
177 1869 373 1938 cannabino.
422 1868 489 1940 Sed
513 1867 594 1960 quid
620 1867 728 1938 verbis
753 1888 838 1959 opus
861 1868 932 1938 est?

101 1965 264 2036 Strabone
291 1967 392 2049 teste,
419 1965 491 2036 Lib.
515 1965 585 2035 lia.
608 1983 683 2058 pag.
706 1987 763 2052 99.
790 1987 832 2034 ex
855 1963 933 2035 His·

101 2065 198 2155 pania
220 2061 467 2132 advehebantur
473 2059 595 2155 fitatme
611 2065 720 2136 tenuia
732 2079 840 2142 texta,
866 2087 936 2155 qua

101 2159 260 2232 Saetabt'toe
279 2155 459 2251 faciebant.
507 2159 577 2230 Ubi
606 2165 692 2232 teste
717 2160 931 2234 Castabonus

102 2261 136 2329 in
160 2261 266 2340 notis,
296 2277 369 2350 pag.
384 2263 451 2342 56.
472 2277 539 2350 pto
562 2259 725 2346 Saluiam,
749 2281 833 2332 t’oce
857 2260 930 2328 nul.-

101 2359 165 2428 lius
187 2355 448 2452 fignificationis‚
480 2357 639 2428 Saeuitiae
658 2358 821 2451 reposuit,
845 2357 933 2428 banc

58 2451 59 2454 '
102 2455 366 2527 emendationem
392 2457 560 2545 ⁸probante
592 2455 769 2528 Luduvico
793 2453 936 2544 Nonio,

101 2560 137 2630 in
157 2553 331 2645 Hispania,
358 2570 425 2644 cap
406 2561 513 2629 )68.-
943 2603 948 2612 ·

150 2651 244 2747 Ero
273 2649 376 2728 linum
404 2650 487 2726 illud
518 2653 805 2740 ptaestantiffimum
836 2657 931 2726 vatiis

102 2749 211 2821 ufibus
242 2749 374 2858 egregie
403 2747 572 2822 serviebat.
622 2747 705 2826 Iden
735 2751 906 2824 Gratius
896 2776 930 2823 tn
1065 2807 1066 2840 a

105 2847 312 2939 Cynegeac03
340 2865 372 2940 p
398 2868 456 2936 41.
489 2869 591 2954 agens
614 2849 656 2920 de
679 2852 804 2924 retibus
826 2851 929 2925 confi-

103 2943 246 3027 ciendis,
273 2943 365 3022 dixit

153 3041 342 3136 Hispanique
385 3040 446 3114 aiio
477 3033 658 3200 spedantar
693 3043 830 3122 Sarabos
863 3041 931 3219 agac.
