2152 3566
82 228 133 300 68
224 221 799 294 onsenvan10nen

82 404 127 476 Ia'
141 399 238 472 Attia
254 405 367 493 atraqat'
377 411 497 482 monta,
518 393 559 480 ἐξ
575 398 775 496 qaassrptern
790 399 934 475 Fratres

81 523 103 574 a
125 496 331 590 statilitttdt'ne
364 497 543 591 appeliant:
583 502 607 570 it'
629 502 722 591 freta
753 503 928 572 intrttinant

76 601 181 696 junii
216 600 330 668 Abila.
381 599 478 665 Plinii
512 597 719 690 pedissequus
750 600 922 684 Colman,

84 715 151 790 rap.
176 719 229 783 ²5·
257 699 311 766 ait.
339 695 370 766 E
392 694 567 764 Provinciis
585 699 784 768 Mauritaait
805 695 920 788 Tingi-

84 816 180 882 tana,
208 817 266 886 aaa
291 791 451 884 Sossitiali
469 792 572 886 plaga
598 793 775 885 utuinisi,
804 817 921 886 quaqua

80 895 252 989 porrigitur
269 893 312 962 ad
326 896 478 962 internum
496 913 600 978 anate,
617 892 757 985 exsurgit
767 895 922 963 mantiles

74 990 225 1086 fipterrtt'
260 992 309 1082 qttt'
333 1012 353 1059 a
368 983 574 1080 firnilitudt'aa
598 989 727 1062 Fratres
749 991 928 1085 appellati,

74 1091 166 1184 freto
191 1090 362 1160 imminent.
399 1084 605 1160 ltinetarium
621 1091 786 1160 Antonini
801 1093 933 1162 deseri-I

87 1194 169 1262 bens
192 1189 437 1282 navigationem
461 1207 479 1253 a
503 1183 604 1282 Tingi
625 1211 729 1280 nsque
746 1189 788 1258 ad
805 1208 926 1279 portus

85 1288 242 1373 divinos,
284 1289 328 1356 ita
363 1285 490 1374 incipit.
547 1289 602 1356 Aa
636 1285 756 1378 Septen
791 1285 929 1355 liutter-

87 1387 142 1460 M.
177 1385 214 1456 P.
251 1381 324 1454 LX.
365 1381 564 1454 Ptolemaeus
591 1383 663 1456 Lib.
691 1381 753 1454 IV.
789 1403 846 1476 cap
886 1403 922 1453 1.

86 1481 295 1577 Hamadrlplti
318 1499 430 1564 raons,
471 1479 537 1550 hoc
560 1483 634 1568 est,
671 1505 773 1554 ntons¹
793 1481 928 1574 septeni

86 1581 212 1654 fratres.
244 1578 364 1650 Beatus
382 1576 541 1662 Isidorus,
568 1581 705 1676 Etymai,
735 1581 806 1651 Lib.
822 1579 924 1652 XIV.

87 1699 156 1776 cap.
173 1701 206 1770 5.
241 1679 445 1753 Mauritania
465 1673 637 1766 Tingitana
654 1701 674 1748 a
696 1677 792 1771 Tingi
808 1695 928 1748 taetru.

17 1777 19 1781 ’
81 1785 224 1874 politana
240 1777 332 1870 hujus
343 1775 511 1868 provincia
528 1777 659 1847 ciuitate
675 1792 800 1848 uocata.
838 1776 921 1846 Hac

20 1875 36 1921 ⁸
87 1877 199 1947 altino
223 1874 342 1966 Africa
362 1869 502 1966 rufitrgtt
517 1895 539 1944 a
555 1876 707 1946 nantibus
723 1875 843 1968 Septarn
861 1875 917 1944 ba·

85 1977 161 2045 Irrnt
178 1974 219 2044 ab
235 1981 349 2045 triante
357 1968 480 2064 stamen
493 1972 663 2045 Maletum:
679 1998 699 2044 a
706 1969 938 2068 septentrioaf

72 2067 201 2164 fratum
228 2070 444 2142 Gaditanam:
477 2070 519 2137 ab
540 2074 659 2142 occidua
677 2075 836 2144 Oceanum
857 2077 924 2143 At-

85 2169 258 2244 lantitane:
290 2189 309 2235 a
326 2164 452 2234 meridie
469 2165 633 2238 Gaulalura
648 2185 757 2263 gentes
771 2192 864 2262 atqua
878 2172 932 2242 ad,

87 2269 246 2338 Oceanum
265 2264 449 2357 Hesperiam
462 2279 668 2356 pererrantes.
720 2269 921 2360 Anonymtts

84 2365 261 2440 Ravennae
281 2363 352 2434 Lib.
364 2339 432 2436 lli.
457 2379 532 2455 pag.
553 2372 634 2452 7⁶9·
653 2369 751 2439 etiam
769 2370 924 2441 meminit

86 2466 221 2559 Septem
238 2461 402 2534 Fratrum.
453 2461 521 2532 Sed
535 2463 689 2554 quorsum
707 2485 759 2535 tot
774 2467 930 2538 testimo·

86 2569 140 2637 nia
162 2559 338 2658 prasertim
364 2580 441 2630 cum
458 2557 596 2632 scribam
614 2565 656 2636 nd
671 2563 920 2636 eruditiffimutn

87 2663 216 2734 virum?
228 2735 229 2738 ,
241 2659 292 2731 Eu
313 2657 455 2728 libenter
472 2660 636 2756 congelli,
662 2665 740 2755 quia
756 2663 921 2736 nonnulla

86 2763 228 2833 diiiutus
245 2759 333 2844 sum,
357 2777 431 2848 quae
445 2757 488 2826 ad
503 2778 542 2828 ea
557 2759 717 2832 alludunt.

137 2857 189 2927 Ibi
214 2857 376 2948 oppidum
400 2841 574 2928 condituni
588 2910 600 2945 ‚
632 2859 674 2929 de
690 2879 759 2949 quo
777 2857 821 2931 fic
838 2855 921 2930 Pto·

87 2956 206 3046 eopius
233 2955 382 3024 Historia
407 2951 588 3040 Vandalica
614 2954 688 3027 Lib.
714 2957 742 3026 l
775 2973 852 3050 pag.
880 2979 918 3042 4.

87 3055 170 3146 Ejus
192 3054 290 3120 utaris
309 3051 446 3124 latarum
457 3045 470 3142 ἦ
510 3055 587 3145 quad
606 3057 740 3128 intranti
758 3055 923 3224 dexterata

875 3176 893 3225 a
