2138 3570
213 203 281 282 Du
304 205 432 292 Qnro,
459 207 629 290 Cannar.
653 209 822 294 Linea.
902 224 949 302 ii

101 393 178 489 pia
223 387 326 480 Apud
342 385 547 460 celebriores
558 409 643 460 vero
661 391 750 462 istius
772 394 866 489 regni
882 398 948 467 cri-¹

111 495 219 572 ticos,
244 507 387 578 quorun
407 486 525 577 scripta
546 486 683 564 adserva
710 490 798 564 haud
820 515 948 585 pauca,
1047 571 1051 578 ,

114 587 217 659 altum
242 585 302 656 bac
319 586 360 656 de
377 608 412 655 re
429 585 590 658 srlentiurn
608 585 664 660 est.
715 587 811 660 Unus
827 589 947 664 Paulus

111 681 227 756 Yar'ies
252 685 294 756 de
316 683 435 793 Abileo
458 689 491 756 in
517 683 648 756 erudito
666 708 769 777 opere
787 687 823 760 rie
842 692 876 764 lo
892 711 949 762 era

103 776 952 974 riatur.tttttraititutattat:

109 1001 237 1080 gente,
264 982 412 1051 chartam
428 981 549 1053 lineam
573 982 698 1067 statuit,
725 1006 866 1075 earnque
884 987 951 1073 pri·

110 1082 215 1154 mirus
232 1080 278 1154 ob
301 1081 441 1150 rariores
464 1080 573 1150 mallei
589 1080 700 1170 pulsus
719 1081 805 1175 justo
823 1081 953 1153 eratio-

109 1201 187 1255 renr
203 1177 295 1250 fuiise
312 1177 484 1262 observatu
504 1179 596 1269 quod
610 1200 717 1250 tantcn
735 1181 813 1251 dunt
823 1201 955 1252 tnemo·

108 1301 183 1352 rata
219 1278 297 1372 lege
328 1275 492 1367 Alphonsr
527 1277 746 1348 demonstrare
776 1279 959 1376 adnititur,

107 1399 253 1470 unoque
269 1373 351 1446 saltu
367 1377 409 1444 ab
428 1373 633 1469 AEgyptiaca
649 1378 761 1447 charta
777 1378 819 1446 ad
830 1375 958 1450 nostra·

111 1499 185 1555 tem
203 1473 333 1560 transit,
359 1474 443 1544 banc
462 1473 527 1544 sese
551 1496 628 1545 curn
654 1476 856 1564 bombycina
873 1497 956 1548 con·

115 1574 233 1650 fudiiie
259 1572 327 1665 ipse
348 1574 557 1664 comprobat,
608 1571 706 1668 Ego,
733 1574 791 1644 nist
815 1575 956 1658 meliora

113 1673 284 1756 edoctus,
308 1671 394 1742 hanc
419 1671 583 1762 epocham
608 1671 710 1762 paulo
734 1675 957 1748 recentiorem

117 1773 333 1856 existimabo,
359 1769 497 1856 eadem,
522 1770 675 1861 quamde
691 1769 780 1852 Italis
795 1769 954 1864 adposui,

121 1872 275 1952 indubius
292 1871 433 1939 ratione.

169 1971 375 2042 Corconiana
389 1964 479 2058 apud
489 1965 621 2060 Anglos
634 1965 859 2054 bibliotheca,
874 1967 958 2044 Mu,

124 2070 169 2142 sei
194 2069 372 2140 britannici
393 2085 519 2156 partem
543 2087 632 2136 nunc
649 2067 867 2152 constituens,
889 2071 957 2159 pti·

121 2171 200 2241 dern
217 2168 316 2238 dudio
326 2165 394 2236 illic
405 2161 751 2254 viroconspiciondant
761 2165 853 2237 dedit
864 2167 956 2240 iche-

122 2271 223 2351 dam,
247 2268 279 2334 in
296 2265 408 2334 charta
424 2263 564 2334 nostrate
579 2262 732 2352 scriptam
748 2287 835 2334 anno
848 2263 957 2359 Regis

120 2365 274 2440 Eduardi
291 2361 350 2434 ΙΙΙ.
369 2361 464 2432 idest
483 2385 512 2432 a.
535 2382 825 2452 134a.ean1veto
843 2364 956 2454 plures

120 2469 231 2550 aiias,
266 2461 352 2532 forte
376 2457 410 2532 δι
434 2462 659 2548 antiquiores,
692 2465 863 2536 continere
888 2460 958 2553 ipse

123 2565 256 2636 testatus
273 2561 329 2630 est.
348 2560 403 2630 vid
417 2561 472 2628 cit.
487 2553 652 2650 Obscraut.
665 2562 695 2629 in
709 2555 867 2651 Trurffudi.
880 2557 956 2634 Pat-

124 2657 180 2755 ios.
230 2659 287 2730 Dc
311 2657 413 2728 scotia
434 2659 537 2752 miror
556 2657 637 2726 nibil
654 2657 817 2729 adnotaiie
833 2655 959 2733 Thom.

124 2757 426 2844 Ruddimannunr,
458 2758 491 2825 in
512 2753 701 2848 praefatione
725 2755 961 2846 Diplomatarii

121 2857 377 2932 Andersoniani.
428 2853 484 2924 Ex
498 2874 536 2923 ea
550 2855 712 2947 proinde,
738 2871 774 2924 ut
790 2849 824 2927 δι
840 2855 961 2930 Hiber·

122 2962 203 3042 nia,
229 2957 307 3046 quid
323 2951 574 3045 exspeeiandunr
592 2951 647 3036 stt,
674 2952 743 3021 dies
762 2951 911 3027 docebit.

172 3055 231 3130 Ad
248 3043 433 3152 Gerntanos
448 3051 540 3146 quod
557 3053 695 3142 attinet,
717 3047 969 3214 scripserathlwlq

903 3165 963 3214 us.
