2164 3568
159 193 234 276 'De
255 195 392 280 Oeen:
409 192 577 274 Oneon
600 193 766 272 Linon.
851 202 923 294 167

80 379 181 468 piutn
215 376 496 458 faciendumne:
528 377 621 470 quod
650 399 732 448 vero
757 399 822 450 tant
846 377 926 450 scite

84 479 317 571 impugnasti„
328 498 500 568 unamque
517 475 644 548 codicis
660 477 771 548 saltem
784 499 925 573 apogra-

83 575 149 664 phi
173 575 239 656 elle¹
259 577 434 663 sustinenS,
462 575 638 665 posteriori
658 595 732 644 aevo
753 575 926 666 descripti,

85 693 126 740 ut
144 672 209 746 hoc
225 675 384 766 exemplo
401 676 512 744 denuo
528 691 703 764 appareat,
728 693 846 764 quanta
862 677 926 742 cir·

86 771 337 864 cumspefflone
361 775 446 862 opus
471 769 646 858 fit,·s1ln
669 769 719 842 his
742 773 822 842 certi
846 770 927 862 quid

86 874 177 940 tueri
195 870 349 940 velimus.

140 970 200 1040 Ad
209 965 398 1059 Aristotelen*
410 968 520 1040 codicis
522 967 682 1063 plagulam
691 967 782 1060 quod
792 970 928 1049 attinet,

84 1085 161 1142 non
186 1069 361 1159 negarim,
393 1069 511 1138 chettae
538 1067 757 1151 venustatem,
789 1087 832 1137 ne
855 1067 928 1160 ipso

86 1165 227 1259 quidem
246 1163 335 1234 senio
351 1167 479 1255 prorsus
494 1165 652 1251 nntillent,
670 1163 827 1256 mojorem
844 1161 930 1236 mul·

89 1285 147 1349 to,
163 1283 263 1354 quent
279 1266 310 1332 in
326 1264 447 1354 telique
463 1265 573 1335 charte
586 1263 694 1336 l'aeculi
707 1283 747 1332 xt
760 1283 772 1330 1
786 1283 797 1331 t
813 1259 928 1352 Hispa·

90 1366 166 1434 nice
186 1383 260 1432 eant
277 1362 479 1452 deprehendi
498 1363 626 1432 testatus
641 1361 686 1434 ell
702 1358 929 1432 eruditilltmus

92 1461 266 1546 Perezins,
282 1457 385 1550 (obl.
403 1482 436 1550 p.
455 1460 544 1552 92),
561 1479 688 1550 nosque
703 1459 761 1551 ipit
779 1481 850 1530 eant
867 1460 928 1528 ob·

95 1557 929 1650 servetnut,jtntsuspicionemaliquanteddubitan·

95 1659 172 1728 dom
190 1658 339 1750 proniori
355 1678 500 1727 movete.
522 1657 645 1726 Verum
658 1677 726 1724 non
737 1654 929 1744 peridexte·

95 1760 210 1838 ritate,
225 1753 390 1837 nistTuo,
403 1747 645 1834 Mee'rmanne,
657 1751 763 1822 lindio
772 1748 929 1820 inlittetis

97 1851 282 1944 Hispanieis
297 1851 460 1936 versatus,
480 1853 528 1920 his
545 1851 653 1919 dubiis
671 1845 930 1940 seexpeditill'et.

145 1951 301 2024 Scledulae
323 1971 432 2020 eutem
455 1942 736 2040 Montispfftlanoe
752 1967 932 2039 propemo-

97 2050 175 2122 dum
200 2048 338 2122 ceullam
364 2047 581 2138 susciperem
615 2043 700 2116 adeo
721 2045 801 2116 licet
823 2049 932 2120 minu·

97 2169 157 2233 tae,
189 2169 226 2219 ut
250 2147 375 2240 pollice
402 2148 469 2241 tegi
491 2144 594 2236 polin.
646 2141 750 2240 Quod
773 2148 860 2216 enim
890 2163 933 2217 ex

97 2246 255 2337 scripture
290 2248 412 2337 petitur
449 2263 705 2340 argumentum,
738 2264 806 2312 non
839 2243 932 2312 omni

99 2347 300 2434 exceptione
317 2343 419 2436 majus
436 2341 500 2412 est:
525 2364 600 2412 cum
619 2340 674 2410 illa
692 2345 724 2409 in
743 2339 933 2423 nonnullis,

99 2464 141 2514 ne
174 2442 283 2522 soeculi
314 2443 448 2536 quidem
477 2437 676 2518 intervallo,
709 2436 864 2522 differet,
897 2441 933 2508 in

99 2541 170 2612 aliis
192 2562 272 2612 vero
296 2540 536 2615 monumentis,
560 2535 680 2605 eonem
705 2533 738 2607 ἃ
762 2536 841 2604 loco
858 2555 934 2604 exa·

99 2643 201 2724 retis,
242 2641 321 2710 inira
359 2635 622 2726 deprehendetur
652 2631 825 2702 divetfites.
859 2627 933 2725 (f)
974 2657 975 2660 ¹

99 2737 202 2808 Certe
243 2738 423 2808 litterarum
454 2732 523 2804 sete
555 2730 692 2803 eosdem
724 2731 933 2896 dolius,din

896 2851 934 2902 0·

143 2955 201 3040 (f)
225 2955 260 3018 ld
274 2955 376 3037 qnod,
401 2948 554 3033 dePtogr.
572 2940 785 3036 cl.Longplii,
805 2942 835 3008 in
850 2951 933 3013 relat.

102 3040 207 3102 nolitis
228 3035 390 3110 litterariis,
418 3047 591 3109 exponent,
620 3039 741 3088 mooun
763 3023 935 3095 Goltetetet

100 3115 207 3185 noller.
233 3116 324 3196 (ΟΜ.
338 3137 367 3196 ρ.
382 3118 437 3195 44)
