2138 3570
212 219 434 296 unone.
459 211 627 287 Cnanr.
653 212 822 288 Lruure.
910 217 957 314 ’9

105 409 217 479 niturn
238 400 329 472 Italis
352 395 569 488 Hispanisque
593 391 683 465 fuisse
707 394 829 466 charta
849 391 946 476 lineae

114 503 218 574 usum.
265 500 366 570 Circa
388 495 531 586 reliquas
548 514 658 564 autem
675 492 819 583 Europae
836 494 947 587 reglo-

113 625 193 684 nes,
224 599 281 669 etsr
312 597 433 667 direiia
463 615 517 662 me
548 590 702 661 deficiant
734 611 945 685 argumenta,

109 701 201 770 idem
222 696 383 790 colligere
408 692 508 776 licet,
533 689 626 780 quod
648 691 771 759 nemini
791 689 948 761 botlenus

110 819 179 868 tam
197 815 336 866 remotae
352 797 454 863 aetatis
479 808 730 864 mouumentum
746 790 947 880 innotuerit,

106 891 392 986 quemadmodum
413 909 530 980 praeter
548 906 685 956 caeteros
697 885 948 958 tellis'estlllon-

110 991 311 1064 telalconius
340 992 374 1058 in
400 981 481 1078 Dff
498 983 557 1074 sur
579 984 612 1054 la
637 985 773 1076 plante,
814 985 948 1080 appellit

109 1111 275 1184 papyrus,
312 1085 397 1160 Tam.
422 1086 456 1154 V
456 1085 483 1155 l.
507 1083 561 1152 dar
586 1083 731 1154 Memoir.
759 1085 796 1156 dt
813 1083 944 1159 l'Arad.

109 1191 161 1260 des
186 1183 338 1281 Inscript.
358 1182 400 1264 δ’
421 1183 515 1254 belles
537 1181 663 1268 lettres,
690 1180 817 1252 nullum
835 1182 893 1257 fibi
909 1187 944 1256 in

110 1287 213 1358 ltaliae
237 1285 398 1356 Galliaeve
421 1281 653 1365 bibliothecis,
679 1284 770 1350 omni
789 1281 869 1352 licet
887 1285 943 1354 ad·

108 1387 215 1456 hibita
238 1405 360 1474 opera,
386 1379 487 1452 visum
512 1377 602 1453 fuiss'e
621 1379 741 1450 librum
759 1399 816 1451 aut
830 1381 943 1453 instru-

107 1504 260 1554 mentum
277 1485 311 1552 in
327 1480 392 1550 hoc
408 1499 551 1574 genere,
576 1477 632 1548 nifi
648 1479 813 1550 recentius
829 1479 942 1553 sau-

108 1584 255 1666 device,
278 1582 336 1672 qui
352 1596 489 1674 regnare
504 1571 543 1646 dc
557 1579 665 1646 vivere
675 1575 766 1647 defiir
782 1599 811 1648 a.
835 1601 939 1674 1270.

106 1682 223 1772 Atque
240 1701 282 1749 ex
297 1679 347 1750 his
361 1675 414 1747 sua
431 1675 547 1767 sponte
566 1677 872 1764 interpretationem
887 1702 941 1749 ac·

109 1785 214 1870 cipiet
230 1777 327 1848 locus
350 1773 530 1845 norillrmus
548 1772 635 1844 Perti
652 1773 791 1844 Abbatis
806 1773 941 1849 Clunia·

110 1877 214 1948 census
233 1880 267 1946 in
289 1875 438 1946 Ttaliam
454 1888 561 1942 rantra
579 1867 707 1961 Judatr
724 1871 813 1970 (pag.
835 1869 940 1971 1069.
959 1889 963 1896 '

111 1976 256 2046 Bibliotlr.
280 1974 367 2042 Clun.
385 1971 488 2042 Andr.
514 1970 559 2042 du
583 1969 734 2062 Chesne)
759 1975 816 2044 ubi
838 1976 940 2050 libros

109 2073 168 2144 suo
194 2093 374 2163 tempore,
407 2071 443 2140 id
468 2068 514 2140 est
537 2071 625 2140 circa
650 2091 679 2139 a.
710 2093 813 2142 rrao.
837 2075 941 2149 leiioa

108 2171 253 2264 scripsrt,
269 2173 328 2261 qui
343 2191 382 2240 ra
397 2163 514 2260 rasuris
529 2183 665 2238 ueterum
677 2183 846 2260 pannorum
859 2196 939 2246 com·

103 2268 319 2365 paiiiellenr3
335 2289 437 2358 quum
447 2266 480 2336 id
490 2267 794 2359 depergarueneise
808 2293 937 2360 panno,

107 2392 143 2440 ut
160 2369 239 2439 Rex
254 2365 444 2456 Alphonsus
458 2363 551 2455 loqui
567 2363 714 2449 amabat,
740 2369 774 2438 id
790 2369 939 2442 ellbom·

107 2469 240 2556 bycinis
262 2465 432 2536 codicibus
456 2459 707 2556 intelligendum
720 2463 785 2555 jam
804 2465 938 2560 liqueat.

105 2565 155 2636 Et
171 2565 214 2634 src
231 2583 306 2634 ante
322 2583 375 2632 me
391 2561 567 2656 suspicatus
581 2562 714 2649 quidem
729 2564 852 2651 luerat,
869 2591 938 2642 non

106 2684 223 2734 tamen
243 2663 438 2753 probaverat
455 2660 546 2749 Scip.
569 2656 685 2731 llaffu
701 2665 733 2732 in
755 2661 858 2750 Hilor.
877 2666 938 2738 Di.

105 2762 201 2854 plom.
218 2777 246 2852 p.
262 2753 395 2852 77.seq.
412 2777 642 2848 contraquam
660 2758 817 2834 senserant
835 2761 935 2842 Hadr.

107 2857 256 2930 Valellus
271 2861 304 2926 in
327 2860 401 2928 Not.
416 2856 458 2926 orl
473 2855 627 2947 Panegyr.
652 2856 836 2950 Borangatr't'
853 2869 936 2958 Aug.

106 2956 345 3039 Mabilloniue,
372 2954 546 3048 pluresque
562 2955 628 3022 alii.

155 3053 227 3134 Ubi
250 3056 349 3151 igitur
372 3054 407 3130 dt
430 3053 562 3219 qqudo
588 3051 731 3140 primum
753 3056 936 3218 introdqtia

469 3211 474 3218 .
541 3165 561 3237 5
886 3173 941 3218 ue·
