2164 3568
113 193 116 200 ’
166 174 588 252 Daouroanaun.
610 172 789 258 amum
852 179 926 282 t69

75 361 150 436 ill'e'.
177 359 242 456 (g)
297 357 563 452 Clariffimusque
601 359 785 451 aurursus,
825 363 921 455 qnod

14 499 15 506 κ
73 462 183 550 Tuo,
207 457 446 549 Meernnnnne,
471 461 598 531 indicio
613 461 793 546 debemus,
816 461 922 548 (Obs.

74 585 118 654 p.
148 560 247 655 14),
279 581 385 652 nuper
412 559 679 642 documentum,
712 579 799 628 anno
829 581 922 654 1302

76 659 223 746 datum,
260 659 414 732 Vesontii
449 657 582 747 reperit.
632 653 721 726 Hinc
757 659 924 749 probabili

14 815 15 818 η
76 757 226 828 maxime
263 759 392 828 rarione
423 755 663 842 statueremus,
695 752 922 848 jam-aliquot

14 897 15 908 κ
77 860 177 928 annis
194 875 292 942 ante,
317 855 386 924 hoc
404 856 519 946 papyri
535 875 638 949 genus
653 857 687 923 in
705 852 814 924 Gallia
831 853 922 930 fuisse

78 953 287 1025 adhibitum.
350 951 417 1022 Sed
457 972 589 1044 quantae
629 954 770 1025 raritatis
806 952 924 1042 suerit,

14 1061 15 1104 l
77 1052 209 1124 exinde
224 1052 350 1142 optime
364 1048 553 1147 colligitur,
575 1051 667 1142 quod
683 1051 924 1126 celebratillimi

77 1153 114 1223 in
133 1149 206 1220 hoc
220 1149 326 1220 studio
336 1150 416 1232 viri,
430 1151 463 1220 in
479 1148 712 1242 speciminibus
729 1150 921 1240 antiquiori.

78 1245 147 1320 b'ue
170 1248 421 1340 conquirendis,
447 1268 583 1340 operam
600 1248 687 1320 suam
706 1247 922 1339 perdiderint.

14 1315 16 1404 i
81 1345 260 1443 Quocirca
283 1365 375 1418 tanto
396 1347 505 1418 mInus
520 1349 632 1437 inique
648 1349 776 1440 integer
792 1346 922 1438 codex,

80 1448 143 1537 qui
169 1444 283 1515 charta
306 1443 413 1530 linea,
447 1464 490 1514 eo
516 1462 688 1535 tempore,
717 1442 923 1534 conscriptus

83 1543 309 1635 praedicatur,
342 1542 450 1614 dubiae
481 1539 656 1614 habebitur
683 1539 788 1629 fidei,
823 1542 925 1634 usque

14 1677 16 1700 t
85 1641 168 1714 dum
189 1641 231 1712 de
248 1640 310 1712 hac
325 1640 457 1712 aliunde
474 1639 532 1732 ipsr
548 1642 686 1711 constet.

14 1721 15 1764 ¹
134 1739 176 1811 ln
212 1736 370 1830 Hispania
407 1760 514 1822 vero,
547 1736 601 1806 vel
630 1737 705 1828 ipsis
732 1733 797 1804 illis
823 1737 927 1811 tribur

85 1836 251 1912 schedulis
279 1833 605 1928 comprobantibus,
638 1834 823 1904 abeodem
848 1833 926 1907 Ma·

84 1936 177 2030 jansti
217 1937 356 2020 amico,
392 1952 511 2024 praeter
546 1951 759 2002 memoratam
806 1932 927 2006 lineam

89 2036 276 2120 exhibitis,
308 2030 498 2120 eodemque
537 2025 699 2101 sc'itilirmo
729 2032 927 2124 interprete,

90 2133 166 2208 usus
205 2135 326 2204 chartae
367 2129 577 2218 bombycinae
616 2148 713 2221 utque
752 2127 928 2226 goffypinae

90 2253 183 2307 certe
200 2228 358 2324 usquead
374 2247 517 2312 annum,
541 2249 640 2318 quem
659 2250 700 2298 ex
716 2227 844 2299 iliarum
861 2253 928 2301 una

92 2333 199 2418 eruit,
225 2351 296 2401 aerae
313 2325 499 2418 Hispanicae
520 2343 634 2420 1397,
658 2327 722 2398 live
737 2325 930 2400 Christiane

93 2429 381 2623 heinrich
405 2421 597 2592 ,hiim
614 2426 785 2614 hildi
804 2425 932 2594 eliis

251 2577 264 2613 a
573 2574 585 2610 t
918 2559 931 2578 '

94 2648 155 2698 nus
177 2645 250 2697 aerre
272 2622 465 2694 Christianae
494 2641 607 2714 1339,
640 2619 749 2714 (Obs.
775 2643 810 2709 p.
839 2619 931 2714 80),

95 2726 259 2797 obnoxius
288 2721 354 2795 levi
386 2722 519 2808 errori,
553 2717 645 2812 quod
672 2721 713 2789 ab
742 2737 830 2787 anno
859 2741 932 2790 aerae

869 2814 931 2889 Hi·

14 3023 15 3028 ’
137 3015 191 3102 (ff)
212 3014 333 3090 illabili.
353 3016 387 3082 de
406 3035 437 3083 te
457 3011 528 3096 dipl.
551 3010 620 3083 Lib.
640 3005 666 3074 Ι.
681 3017 735 3092 cap
749 3012 783 3088 8,
791 3020 861 3098 pag.
878 3031 928 3099 39.
