2138 3570
89 237 139 312 44·
221 221 823 324 onsuuvwousssj

91 419 189 488 atque
206 401 238 472 iu
255 399 338 472 illud
353 404 467 474 anxius
486 400 702 492 inquifiverit‚
721 423 847 496 negare
862 425 925 474 no·

87 494 217 579 lumus3
244 519 277 568 at
302 520 381 568 vero
405 503 530 571 nemini
551 521 618 570 non
636 498 824 590 scrupulum
849 521 939 570 mo·-

87 615 166 670 uere
186 596 305 680 debet,
330 599 423 688 quod
445 601 576 684 eidem,
602 616 638 669 ut
664 617 734 668 tum
757 602 921 690 temporis

88 692 160 762 fieri
184 695 371 782 consuevit,
398 695 488 772 nulla
509 697 607 790 plane
623 698 726 769 aetatis
743 697 854 769 addita
871 697 918 768 est

90 811 230 862 mentio.
335 873 338 880 ,
788 829 789 832 “

136 890 394 983 optaveramus,
420 913 456 966 ut
471 892 525 967 Cl.
540 892 660 965 Editor
672 891 797 983 prosua
808 913 916 964 rerum

88 984 326 1060 Historicurum
351 994 467 1081 peritia
488 992 531 1061 ad
554 991 739 1062 tollendum
756 989 810 1064 vel
825 1011 919 1061 certe

88 1089 303 1158 minuendum
318 1089 407 1160 hunc
426 1089 633 1181 scrupulum,
659 1090 840 1179 quidquam
857 1089 919 1159 ob·

87 1184 244 1258 servuffet.
290 1185 411 1282 Quum
426 1191 536 1278 itaque
553 1188 621 1279 ipse
638 1209 761 1268 annm,
787 1209 830 1256 ex
846 1209 917 1277 quo

89 1305 198 1356 tamen
214 1290 381 1377 praecipue
398 1288 452 1358 hic
463 1286 531 1356 loci
547 1283 914 1382 argumentariliceret,

87 1385 122 1452 in
146 1385 327 1475 diplomate
350 1381 575 1476 praetermiffus
599 1385 666 1472 est,
692 1381 807 1452 sedulo
832 1404 917 1475 ope·

88 1504 157 1552 ram
169 1501 275 1577 mum
292 1481 347 1552 Cl.
363 1481 508 1566 Restm,
534 1503 573 1554 ut
585 1485 658 1553 cius
672 1500 800 1552 aetatem
815 1503 916 1579 argu·

88 1584 207 1652 mentis
223 1579 355 1652 aliunde
372 1582 576 1674 depromptis
599 1580 781 1651 constituat.
831 1579 917 1649 Cre·

87 1681 138 1750 dit
166 1683 296 1772 itaque,
329 1679 514 1752 Literamm
547 1681 661 1750 ductus
691 1700 731 1748 ac
753 1677 915 1749 scribendi

87 1778 230 1859 formam
252 1781 389 1850 omnino
413 1778 622 1850 seculoxuu.
639 1777 767 1846 ineunti
783 1775 843 1846 eiio
859 1797 916 1846 uc·

24 1959 28 1968 ,
87 1875 423 1948 commodatissimam.
483 1877 635 1976 Sigillum
663 1895 798 1966 quoque
828 1871 919 1945 haud

89 1974 279 2064 posterioris
295 1979 454 2067 temporis
469 1978 638 2046 inventum
648 1973 709 2043 effe
726 1973 917 2057 contendit,
993 2045 996 2068 ἶ

89 2093 167 2142 cum
194 2077 352 2142 tenaciter
377 2075 464 2143 adeo
487 2076 608 2143 chartae
640 2073 826 2157 inhaereat,
861 2091 917 2155 ut,

89 2168 147 2238 nisi
179 2173 445 2255 comminuatur,
472 2172 553 2242 'inde
583 2171 680 2240 avelli
713 2191 781 2240 non
812 2167 919 2260 possit.

89 2265 138 2338 Et
159 2267 316 2356 fiquidem
340 2269 528 2364 Episcopus
552 2269 759 2354 uouemus,
796 2270 844 2338 uti
868 2269 920 2337 in·

90 2385 142 2436 ter
173 2387 301 2435 omuesr
318 2367 461 2454 constat,
486 2371 528 2438 ab
555 2391 642 2437 anno
672 2365 921 2438 c1occcv11.ad

89 2465 133 2534 A.
158 2481 353 2540 cmcccxxx.
376 2463 612 2557 Episcopalem
636 2465 747 2538 sedem
763 2464 923 2557 Augustae

90 2567 251 2645 tenuerim
278 2563 483 2652 consequens
501 2562 581 2646 effe,
600 2565 682 2634 intra
699 2567 764 2633 hoc
785 2582 921 2652 tempo-

90 2663 134 2727 ris
148 2662 285 2751 spatium
302 2659 463 2751 Diploma
484 2660 567 2730 iilud
586 2661 697 2732 datum
713 2659 816 2731 sui-ise.
835 2657 927 2730 illud:

91 2778 199 2827 tumen
233 2763 328 2831 initio
357 2761 491 2829 honoris
520 2757 729 2852 Episcopalis
756 2757 826 2827 ficri
850 2779 920 2827 non

90 2855 245 2946 potuiiie,
270 2863 407 2950 purtim,
433 2859 509 2948 quia
527 2853 713 2950 Episcopus
730 2855 788 2926 hus
807 2875 918 2926 rerum

92 2956 346 3027 circumstantias
364 2959 460 3048 plane
482 2978 548 3026 non
566 2955 810 3047 praetermifiss'et
824 2953 919 3022 filem-

89 3054 157 3138 tio‚
191 3057 330 3141 purtim,
355 3057 431 3142 quia
454 3056 538 3136 iuter
557 3053 622 3128 ulia
647 3051 791 3146 express'e
817 3053 925 3124 dicatz·

846 3171 922 3231 mm
