2184 3572
211 207 262 310 τρε
288 180 354 288 or
372 197 501 284 tun.
522 197 629 306 crjr
643 201 711 283 nr
726 177 854 284 tucn
869 203 1001 289 ones.

214 351 316 440 quem
337 344 444 442 agitat
471 345 606 442 auriga,
632 365 734 416 manu
752 361 874 440 ¹tenens
893 343 935 416 fl·
963 347 1013 418 el*
1081 337 1082 424 J

212 439 304 514 lum:
329 442 440 512 tribus
458 439 681 513 tundentibus
699 441 847 538 togatis:
874 369 1010 516 (sullus
1082 508 1083 516 ,

215 531 475 626 sellaeanticae,
498 535 781 633 tertioposticae:
809 537 1009 610 illaantror·
1082 605 1083 626 ,

212 631 310 729 sum,
335 635 399 706 hac
427 632 612 706 retrorsum
628 633 729 704 versa.
767 631 908 706 Illorum
921 636 1011 708 alter
1083 719 1084 726 ἵ

211 724 1009 828 mmmmmfflm

214 847 284 896 non
303 829 387 898 item
406 829 542 926 reliquis
593 827 757 921 Denique
779 829 916 899 nummi
935 831 1010 901 Ro-

212 940 331 994 manae
361 942 463 996 notae
487 923 627 996 subinde
640 942 750 995 aratro
770 945 942 995 eruuntur
962 939 1010 996 ex

209 1039 300 1112 area:
326 1040 369 1092 ut
401 1019 662 1094 vetustimmum
688 1015 913 1107 aedificium,
939 1021 1011 1094 five

211 1138 236 1218 a,
248 1117 418 1190 Romanis
437 1111 611 1216 quondam
630 1117 835 1209 conditum,
862 1117 933 1189 five
949 1119 1010 1190 ali·

210 1216 270 1284 cui
289 1216 415 1286 horum
434 1233 621 1312 procerum
639 1237 658 1284 a
674 1203 867 1285 Galliarum
880 1213 1009 1287 civita-

211 1311 327 1404 tibus,
356 1325 561 1409 quacunque
577 1309 745 1408 religione
790 1309 946 1402 dicatum
964 1311 1011 1384 li·

209 1408 315 1500 quido
342 1407 522 1504 intelligas.
572 1411 710 1477 Horum
734 1361 816 1480 alios
841 1408 932 1479 inter
957 1409 1007 1479 ci⁶

208 1503 308 1575 melia
332 1503 437 1577 servat
465 1506 614 1590 Comes,
640 1503 802 1574 incassum
816 1502 1006 1584 solicitatus

208 1602 388 1698 precibus,
411 1620 591 1672 uteorum
608 1598 735 1671 faceret
754 1599 843 1671 mihi
851 1599 1000 1697 copiam:
1087 1647 1088 1650 =

206 1695 288 1792 ulios
303 1720 348 1770 ex
365 1721 439 1770 aere
454 1699 572 1794 accepi
594 1696 635 1768 ab
652 1695 799 1788 accolis,
825 1712 902 1768 cum
922 1695 1002 1768 effi-

205 1794 329 1894 giebus
345 1795 558 1880 Domitiani,
577 1791 640 1866 M.
650 1793 823 1864 Antonini
835 1795 1002 1864 Commo*

206 1895 265 1982 di,
291 1891 479 1966 Alexandri
498 1891 629 1981 Severi,
655 1889 898 1982 Constantini,
914 1889 1001 1962 alio·

206 1985 375 2088 rumque,
402 2005 552 2089 quorum
571 1987 812 2086 inscriptiones
827 1985 899 2058 sere
916 2008 1003 2059 exo·

204 2083 303 2156 letae.
351 2087 482 2157 Primus
504 2082 590 2156 sistit
606 2100 713 2180 caput
740 2081 1002 2158 cumdiadema·

204 2196 239 2252 te
257 2191 290 2254 δι
309 2181 439 2272 literis,
462 2175 615 2253 Donrr.
643 2188 742 2252 Aoo.
760 2179 894 2254 Genu.
918 2183 1002 2253 Cos.

203 2275 283 2349 Xll.
301 2275 423 2349 Coras.
442 2275 513 2348 PP.
530 2279 601 2348 hoc
618 2273 689 2368 est,
707 2277 920 2350 Domitianus
929 2283 1001 2351 Aua

85 2389 87 2394 '
121 2401 124 2408 ·
198 2375 304 2474 gustus
329 2373 552 2464 Germanicus,
578 2369 681 2470 consul
698 2373 873 2460 duodecies,
899 2374 1000 2468 censor

196 2486 381 2566 perpetuus:
407 2469 443 2542 in
469 2469 577 2542 aversa
594 2489 689 2566 parte
706 2460 854 2634 fipuram
876 2467 996 2542 huma·

202 2571 279 2640 iram
297 2585 378 2640 cum
395 2563 507 2639 hastili
524 2567 560 2640 ὃς
590 2566 706 2664 gladio
738 2561 858 2637 mistro
873 2563 996 2640 femori

93 2751 94 2754 Ἴ
203 2665 355 2752 innixo,
384 2661 584 2758 inscriptam
604 2665 693 2711 *ll*
710 2661 891 2733 Aucus'rt
917 2657 997 2736 SC.

200 2751 387 2836 Restituot
413 2765 570 2858 Vmerus
594 2756 738 2853 Augusti.
767 2759 902 2832 Senatus
917 2763 994 2832 Con*

190 2857 291 2949 fulto.
300 2857 414 2930 Alteri
422 2856 472 2928 est
482 2875 588 2954 caput
597 2855 762 2926 radiatum
773 2855 994 2954 cumepigra·

200 2954 289 3064 phet
326 2955 386 3026 M.
412 2960 639 3026 Annonmus
672 2953 909 3024 Conuonos.
948 2947 993 3026 Et

202 3065 287 3124 rtem
305 3047 420 3148 figura
435 3047 586 3144 hastata,
609 3045 720 3122 dusiis
737 3051 774 3122 io
790 3049 909 3122 orbern
920 3073 989 3218 per·

948 3160 989 3221 tal
