2138 3570
95 201 142 272 w
238 185 817 268 Oesenvnnrouee

92 365 192 446 suerit
214 365 326 445 charta
347 371 473 458 nostra,
498 372 639 450 difficilis
655 373 701 446 est
721 369 930 466 questionis,

90 484 220 558 quum,
254 469 286 543 in
313 472 473 544 constanti
496 493 546 544 tot
577 472 932 568 Chronogmphorum

91 561 238 652 fiendo,
265 569 319 640 vix
342 569 436 642 aliter
458 575 668 644 terminatum
685 574 725 641 iri
741 570 929 654 credimus,

91 663 148 738 nist
173 664 344 759 postquam
369 668 410 740 de
435 669 653 764 antiquissimo
676 673 710 740 in
731 688 929 759 unaquaque

91 757 239 854 Europa
262 769 399 863 regione
425 769 640 842 instrumento
668 769 765 860 hujus
795 767 930 867 generis

91 859 282 934 constiterit.
333 864 407 938 Tuli
424 889 505 940 vero
520 867 746 961 perquisitioni
765 886 801 938 ut
819 863 930 942 focem

90 953 343 1053 quodammodo
357 965 587 1057 praeferamus,
612 968 844 1038 adnotabimus
862 963 931 1052 pri-

93 1079 206 1146 rnutn,
230 1062 311 1152 quid
336 1064 369 1134 in
396 1064 480 1136 hanc
499 1087 569 1136 rem
593 1087 611 1134 a
636 1066 713 1135 viris
737 1064 842 1135 dofiis
861 1060 932 1153 jam

94 1156 301 1234 observatum
317 1159 372 1248 iit,
398 1183 497 1257 utque
521 1164 599 1235 inde
617 1162 818 1250 inferemus,
847 1158 935 1251 quid
1056 1194 1057 1201 ¹

95 1253 333 1332 observandum
350 1283 452 1352 porro
467 1261 574 1332 restet.

142 1351 179 1426 ln
200 1354 291 1430 ltalia
307 1359 464 1450 professus
479 1360 524 1431 est
540 1360 630 1452 Scip.
647 1357 765 1432 Maffei
782 1355 811 1426 d.
830 1355 852 1426 i.
870 1378 932 1427 co·

94 1449 185 1524 dit-es
201 1453 277 1541 Mis,
300 1459 333 1528 in
356 1458 467 1529 charta
484 1457 571 1530 linea
586 1481 702 1529 omnes
726 1457 932 1527 recentiores

94 1547 155 1622 eise
179 1574 208 1624 a.
241 1575 345 1646 1300.
368 1556 424 1627 sed
448 1557 592 1640 addidit,
618 1556 746 1628 nullum
766 1553 933 1646 ejusmodi

96 1647 245 1742 diploma
260 1654 408 1746 reperisse
427 1654 458 1725 se
473 1659 637 1746 antiquius
646 1656 748 1726 literis
763 1652 932 1723 investitu-

93 1769 137 1822 rae
155 1750 356 1826 decimarum
380 1755 582 1846 quarundam
605 1756 774 1847 Gregorio
791 1747 930 1836 Masei,

57 1871 65 1887 ·
95 1843 279 1920 Rolandini
295 1849 340 1923 fil.
358 1875 418 1943 per
431 1851 564 1924 Petrum
582 1850 773 1926 deilaScaia
790 1847 932 1940 Episco-

93 1965 175 2036 pum
195 1947 417 2022 Veronensem
433 1973 465 2021 a.
486 1953 592 2046 1367.
610 1953 703 2030 datis,
742 1947 931 2038 Necquid·

94 2063 194 2136 quant
212 2045 273 2116 hac
290 2050 324 2118 in
340 2070 430 2138 parte
446 2048 583 2120 ulterius
598 2071 660 2119 nos
676 2049 861 2120 docuerunt
875 2044 928 2114 vel

95 2139 184 2213 Lud.
210 2145 289 2222 Ant.
313 2144 536 2234 Mummius,
564 2146 617 2218 vel
642 2148 698 2218 alii
716 2167 803 2216 trans
824 2145 930 2235 Alpes

95 2237 225 2320 literati.
278 2243 335 2316 Ob
347 2244 553 2340 frequentem
569 2266 658 2316 certe
677 2248 710 2316 in
728 2244 820 2315 Italia
834 2245 932 2313 born·
1057 2243 1058 2252 ³

37 2365 41 2374 ·
95 2326 225 2430 bycinae
242 2341 363 2416 chartae
387 2343 499 2430 usum,
525 2343 625 2416 serius
647 2344 715 2414 illic
734 2365 833 2434 quam
850 2341 931 2412 alibi
1057 2345 1058 2354 ‘

97 2436 219 2510 lineam
238 2440 423 2514 subintrasse
439 2443 623 2515 mirandum
641 2465 709 2513 non
726 2443 781 2513 est.
1057 2475 1058 2482 ¹

149 2536 205 2610 De
231 2537 386 2632 Hispania
409 2545 491 2612 certi
515 2541 639 2633 aliquid
656 2539 804 2631 proferre
822 2539 932 2611 forsan

96 2633 235 2724 liceret,
261 2638 284 2710 fr
299 2642 396 2711 amici
413 2643 478 2710 mei
494 2638 602 2735 Greg.
626 2638 805 2730 Majonsrus
820 2635 932 2730 &Jof
1057 2665 1058 2674 ¹

94 2731 326 2821 Praetorius,
353 2737 486 2832 insignia
504 2742 616 2829 patriae
638 2739 700 2808 suae
717 2757 930 2821 ornamenta,

95 2833 129 2916 in
157 2833 238 2904 urbe
263 2840 373 2932 regia,
399 2858 455 2906 aut
474 2839 572 2907 etiarn
590 2836 725 2922 Toleti‚
751 2833 859 2904 Cesar
875 2857 932 2904 uu·

97 2930 216 3026 gustat,
242 2930 378 3006 similive
396 2939 428 3006 in
444 2936 525 3006 loco
539 2935 718 3032 degerent,
736 2935 793 3015 ubi
811 2949 931 3028 magua
953 2991 958 2996 .

11 3089 12 3094 a
95 3047 244 3106 veterum
262 3037 419 3117 codicum
435 3033 491 3108 vel
507 3034 796 3114 instrumentorum
813 3031 860 3104 est
871 3051 930 3141 ΕΡ*

11 3142 12 3150 ,
726 3157 727 3160 =
864 3148 931 3222 pra,
