2152 3566
236 209 300 282 Dr
325 208 449 279 orara.
475 203 829 280 Crrnur.L1nuna.
915 207 958 279 81
1021 196 1022 242 ¹

169 386 302 462 uiuo
337 382 698 459 uocrrssruuo
728 381 924 482 nrouu
1022 385 1025 454 ι

323 507 753 610 cuuunuunruuo

159 689 526 800 cunuouro
572 705 925 828 nraJausro

299 911 303 926 ’
434 921 469 996 s.
519 917 576 992 rt·
605 921 655 996 u.
1031 868 1032 880 Ν

153 1121 531 1214 ceraunus
563 1117 927 1210 Muauuau.

181 1359 394 1450 Ummopere
422 1359 491 1432 sum
527 1358 704 1433 deleitatus
726 1355 960 1456 elegantiffima

208 1458 285 1529 Tua
301 1457 469 1547 multaque
485 1458 669 1530 eruditione
685 1457 804 1531 referta
820 1458 959 1552 epistola

131 1559 173 1628 de
187 1558 310 1630 cbartae
325 1553 419 1630 iineae
433 1556 624 1646 antiquitate
640 1558 677 1629 in
688 1553 866 1647 Hispania,
881 1557 959 1629 luce

128 1653 286 1746 proferto
301 1651 490 1748 diguiffima.
526 1655 768 1748 Argumentum
787 1654 960 1726 saneillud

127 1773 292 1844 perquam
315 1749 497 1841 speciosum
517 1751 589 1836 est,
621 1751 750 1822 Serabae
766 1772 868 1842 quum
884 1752 959 1824 tola

127 1851 228 1924 lineae
243 1847 415 1940 permultae
430 1865 635 1930 terrerentur,
652 1868 820 1941 quumque
831 1852 959 1924 ibidem

128 1973 148 2020 a
176 1944 369 2040 lougiffiuro
400 1963 550 2033 tempore
581 1942 794 2020 fabricaretur
815 1949 959 2038 charta,

60 2051 65 2068 '
126 2047 220 2118 hanc
252 2041 392 2134 proinde
416 2041 641 2114 veroiimiliter
665 2043 846 2120 confodiam
867 2047 960 2126 fuisse
1040 2053 1045 2068 ⁴

129 2166 173 2219 ex
199 2141 345 2232 reliquiis
360 2140 478 2214 linteis.
525 2139 572 2212 At
587 2141 656 2233 ipse
671 2138 767 2217 sentis
784 2145 827 2218 V.
847 2147 903 2226 Cl.
922 2154 959 2220 in

129 2241 194 2314 hac
220 2262 255 2310 re
278 2259 345 2310 non
361 2238 555 2329 conjeiiuris
570 2238 626 2311 sed
641 2263 751 2312 rerum
767 2245 959 2318 testimoniis

132 2339 305 2412 litandum.
355 2335 460 2432 Quod
484 2355 521 2406 ut
542 2335 660 2419 facias,
687 2342 845 2429 producis
862 2345 961 2416 mihi-

133 2459 196 2530 que
216 2433 320 2508 mittis¹
329 2433 493 2526 specimen
506 2433 626 2506 chartae
637 2436 838 2527 Setabenfis‚
853 2441 959 2531 qualis

134 2555 203 2608 erat
228 2533 339 2606 seculo
364 2553 432 2603 xrv.
457 2552 627 2619 extremo,
654 2532 707 2612 uel
723 2557 811 2608 certe
833 2560 889 2607 xv.
912 2557 961 2608 at.

135 2655 199 2723 que
226 2634 297 2704 haec
319 2628 489 2712 certiffinre
505 2630 550 2712 est
567 2631 664 2702 linea.
712 2631 838 2704 Verum
857 2635 959 2726 nosti,

136 2731 315 2802 defiderare
330 2749 384 2798 rne
399 2729 628 2816 antiquiorem.
648 2729 753 2800 Addis
763 2731 959 2822 igituraliud

135 2827 300 2920 specimen
324 2847 343 2894 a
364 2823 448 2893 Viro
471 2824 651 2896 dodiiffirno
666 2825 875 2898 Ferdinando
892 2832 961 2904 Ve-

136 2925 228 2996 lasco
252 2923 331 2994 Tibi
346 2920 477 2991 “miffum
493 2944 512 2992 e
527 2923 655 3004 charta,
688 2939 838 3010 ternpore
853 2925 960 3022 Regis

137 3021 296 3116 Alphonfi
321 3019 501 3112 Sapientis,
523 3019 676 3184 {deoque
700 3016 813 3088 medio
827 3020 896 3088 fere
912 3022 960 3086 se-
