<?xml version="1.0" encoding="UTF-8"?>
<!DOCTYPE html PUBLIC "-//W3C//DTD XHTML 1.0 Transitional//EN"
    "http://www.w3.org/TR/xhtml1/DTD/xhtml1-transitional.dtd">
<html xmlns="http://www.w3.org/1999/xhtml" xml:lang="en" lang="en">
 <head>
  <title>
</title>
<meta http-equiv="Content-Type" content="text/html;charset=utf-8" />
  <meta name='ocr-system' content='tesseract 3.04.00' />
  <meta name='ocr-capabilities' content='ocr_page ocr_carea ocr_par ocr_line ocrx_word'/>
</head>
<body>
  <div class='ocr_page' id='page_1' title='image "./gerardimeermane01meergoog_0188.png"; bbox 0 0 2164 3568; ppageno 0'>
   <div class='ocr_carea' id='block_1_1' title="bbox 144 199 944 298">
    <p class='ocr_par' dir='ltr' id='par_1_1' title="bbox 144 199 944 298">
     <span class='ocr_line' id='line_1_1' title="bbox 144 199 944 298; baseline 0.023 -27"><span class='ocrx_word' id='word_1_1' title='bbox 144 221 147 230; x_wconf 61' lang='lat'>¹</span> <span class='ocrx_word' id='word_1_2' title='bbox 218 199 438 280; x_wconf 79' lang='lat' dir='ltr'>DeOaru</span> <span class='ocrx_word' id='word_1_3' title='bbox 465 203 826 286; x_wconf 67' lang='lat' dir='ltr'>Carambim.</span> <span class='ocrx_word' id='word_1_4' title='bbox 879 211 944 298; x_wconf 63' lang='lat' dir='ltr'>adt</span> 
     </span>
    </p>
   </div>
   <div class='ocr_carea' id='block_1_2' title="bbox 99 385 1065 3226">
    <p class='ocr_par' dir='ltr' id='par_1_2' title="bbox 99 385 969 1860">
     <span class='ocr_line' id='line_1_2' title="bbox 108 385 942 482; baseline -0.002 -16"><span class='ocrx_word' id='word_1_5' title='bbox 108 411 244 466; x_wconf 86' lang='lat' dir='ltr'>ornaret</span> <span class='ocrx_word' id='word_1_6' title='bbox 258 391 403 482; x_wconf 79' lang='lat' dir='ltr'>premio.</span> <span class='ocrx_word' id='word_1_7' title='bbox 447 385 526 460; x_wconf 90' lang='lat' dir='ltr'>Hoc</span> <span class='ocrx_word' id='word_1_8' title='bbox 542 410 623 460; x_wconf 88' lang='lat' dir='ltr'>vero</span> <span class='ocrx_word' id='word_1_9' title='bbox 640 387 779 474; x_wconf 80' lang='lat' dir='ltr'>tradito,</span> <span class='ocrx_word' id='word_1_10' title='bbox 803 389 942 465; x_wconf 73' lang='lat' dir='ltr'>demon</span> 
     </span>
     <span class='ocr_line' id='line_1_3' title="bbox 110 487 942 580; baseline 0 -20"><span class='ocrx_word' id='word_1_11' title='bbox 110 489 257 580; x_wconf 86' lang='lat' dir='ltr'>diploma</span> <span class='ocrx_word' id='word_1_12' title='bbox 270 487 466 562; x_wconf 83' lang='lat' dir='ltr'>intuendum</span> <span class='ocrx_word' id='word_1_13' title='bbox 483 489 576 561; x_wconf 75' lang='lat' dir='ltr'>natta</span> <span class='ocrx_word' id='word_1_14' title='bbox 591 489 656 574; x_wconf 87' lang='lat' dir='ltr'>est,</span> <span class='ocrx_word' id='word_1_15' title='bbox 674 491 795 577; x_wconf 78' lang='lat' dir='ltr'>quaevis</span> <span class='ocrx_word' id='word_1_16' title='bbox 812 489 942 562; x_wconf 53' lang='lat' dir='ltr'>bucata</span> 
     </span>
     <span class='ocr_line' id='line_1_4' title="bbox 104 584 941 682; baseline 0.005 -24"><span class='ocrx_word' id='word_1_17' title='bbox 104 609 173 678; x_wconf 82' lang='lat' dir='ltr'>que</span> <span class='ocrx_word' id='word_1_18' title='bbox 195 592 348 682; x_wconf 84' lang='lat' dir='ltr'>cognita,</span> <span class='ocrx_word' id='word_1_19' title='bbox 374 589 408 656; x_wconf 92' lang='lat' dir='ltr'>in</span> <span class='ocrx_word' id='word_1_20' title='bbox 431 585 544 656; x_wconf 83' lang='lat' dir='ltr'>charta</span> <span class='ocrx_word' id='word_1_21' title='bbox 569 584 656 656; x_wconf 86' lang='lat' dir='ltr'>linea</span> <span class='ocrx_word' id='word_1_22' title='bbox 677 595 831 672; x_wconf 74' lang='lat' dir='ltr'>exeram,</span> <span class='ocrx_word' id='word_1_23' title='bbox 850 587 873 658; x_wconf 89' lang='lat' dir='ltr'><strong>fi</strong></span> <span class='ocrx_word' id='word_1_24' title='bbox 895 605 941 664; x_wconf 75' lang='lat' dir='ltr'>ex</span> 
     </span>
     <span class='ocr_line' id='line_1_5' title="bbox 102 681 942 780; baseline -0.002 -24"><span class='ocrx_word' id='word_1_25' title='bbox 102 707 191 756; x_wconf 87' lang='lat' dir='ltr'>anno</span> <span class='ocrx_word' id='word_1_26' title='bbox 215 685 401 778; x_wconf 83' lang='lat' dir='ltr'>adscripto,</span> <span class='ocrx_word' id='word_1_27' title='bbox 425 681 563 771; x_wconf 86' lang='lat' dir='ltr'>aliisque</span> <span class='ocrx_word' id='word_1_28' title='bbox 581 683 810 773; x_wconf 84' lang='lat' dir='ltr'>probabilibus</span> <span class='ocrx_word' id='word_1_29' title='bbox 823 683 942 780; x_wconf 76' lang='lat' dir='ltr'>lignis,</span> 
     </span>
     <span class='ocr_line' id='line_1_6' title="bbox 100 778 942 872; baseline 0 -18"><span class='ocrx_word' id='word_1_30' title='bbox 100 805 154 868; x_wconf 75' lang='lat' dir='ltr'>res</span> <span class='ocrx_word' id='word_1_31' title='bbox 174 783 298 854; x_wconf 86' lang='lat' dir='ltr'>confici</span> <span class='ocrx_word' id='word_1_32' title='bbox 312 779 445 872; x_wconf 70' lang='lat' dir='ltr'>podet,</span> <span class='ocrx_word' id='word_1_33' title='bbox 471 778 553 871; x_wconf 84' lang='lat' dir='ltr'>plus.</span> <span class='ocrx_word' id='word_1_34' title='bbox 568 801 701 852; x_wconf 87' lang='lat' dir='ltr'>centum</span> <span class='ocrx_word' id='word_1_35' title='bbox 725 801 828 854; x_wconf 77' lang='lat' dir='ltr'>annos</span> <span class='ocrx_word' id='word_1_36' title='bbox 841 802 942 856; x_wconf 70' lang='lat' dir='ltr'>atate</span> 
     </span>
     <span class='ocr_line' id='line_1_7' title="bbox 99 877 969 972; baseline 0.002 -22"><span class='ocrx_word' id='word_1_37' title='bbox 99 877 288 972; x_wconf 59' lang='lat' dir='ltr'>luperam,</span> <span class='ocrx_word' id='word_1_38' title='bbox 329 878 385 950; x_wconf 87' lang='lat' dir='ltr'>sed</span> <span class='ocrx_word' id='word_1_39' title='bbox 421 878 618 950; x_wconf 77' lang='lat' dir='ltr'>dubitationi</span> <span class='ocrx_word' id='word_1_40' title='bbox 648 880 854 952; x_wconf 87' lang='lat' dir='ltr'>obnoxium:</span> <span class='ocrx_word' id='word_1_41' title='bbox 896 881 969 964; x_wconf 50' lang='lat' dir='ltr'>do¹</span> 
     </span>
     <span class='ocr_line' id='line_1_8' title="bbox 99 973 943 1069; baseline 0.005 -21"><span class='ocrx_word' id='word_1_42' title='bbox 99 999 202 1069; x_wconf 84' lang='lat' dir='ltr'>quo,</span> <span class='ocrx_word' id='word_1_43' title='bbox 237 997 273 1048; x_wconf 92' lang='lat' dir='ltr'>ut</span> <span class='ocrx_word' id='word_1_44' title='bbox 295 973 331 1048; x_wconf 80' lang='lat' dir='ltr'>dt</span> <span class='ocrx_word' id='word_1_45' title='bbox 355 977 397 1048; x_wconf 88' lang='lat' dir='ltr'>de</span> <span class='ocrx_word' id='word_1_46' title='bbox 421 980 725 1063; x_wconf 77' lang='lat' dir='ltr'>commentatione,</span> <span class='ocrx_word' id='word_1_47' title='bbox 754 983 943 1052; x_wconf 83' lang='lat' dir='ltr'>communi·</span> 
     </span>
     <span class='ocr_line' id='line_1_9' title="bbox 100 1071 948 1172; baseline 0.009 -24"><span class='ocrx_word' id='word_1_48' title='bbox 100 1078 169 1148; x_wconf 88' lang='lat' dir='ltr'>bus</span> <span class='ocrx_word' id='word_1_49' title='bbox 194 1071 347 1170; x_wconf 85' lang='lat' dir='ltr'>suffragiis</span> <span class='ocrx_word' id='word_1_50' title='bbox 371 1078 508 1167; x_wconf 81' lang='lat' dir='ltr'>ptaemio</span> <span class='ocrx_word' id='word_1_51' title='bbox 522 1073 653 1163; x_wconf 74' lang='lat' dir='ltr'>affetu,</span> <span class='ocrx_word' id='word_1_52' title='bbox 684 1077 779 1150; x_wconf 89' lang='lat' dir='ltr'>deide</span> <span class='ocrx_word' id='word_1_53' title='bbox 796 1079 948 1172; x_wconf 60' lang='lat' dir='ltr'>aliquan-</span> 
     </span>
     <span class='ocr_line' id='line_1_10' title="bbox 103 1174 944 1268; baseline 0.008 -22"><span class='ocrx_word' id='word_1_54' title='bbox 103 1195 175 1246; x_wconf 87' lang='lat' dir='ltr'>turn</span> <span class='ocrx_word' id='word_1_55' title='bbox 205 1175 337 1244; x_wconf 88' lang='lat' dir='ltr'>uberius</span> <span class='ocrx_word' id='word_1_56' title='bbox 360 1193 536 1265; x_wconf 82' lang='lat' dir='ltr'>exponam.</span> <span class='ocrx_word' id='word_1_57' title='bbox 594 1174 654 1246; x_wconf 84' lang='lat' dir='ltr'>Nil</span> <span class='ocrx_word' id='word_1_58' title='bbox 680 1197 759 1246; x_wconf 82' lang='lat' dir='ltr'>nem</span> <span class='ocrx_word' id='word_1_59' title='bbox 784 1198 944 1268; x_wconf 76' lang='lat' dir='ltr'>praeterea</span> 
     </span>
     <span class='ocr_line' id='line_1_11' title="bbox 103 1270 942 1370; baseline 0.007 -29"><span class='ocrx_word' id='word_1_60' title='bbox 103 1270 266 1344; x_wconf 86' lang='lat' dir='ltr'>Societati</span> <span class='ocrx_word' id='word_1_61' title='bbox 290 1271 520 1360; x_wconf 72' lang='lat' dir='ltr'>transmiserim,</span> <span class='ocrx_word' id='word_1_62' title='bbox 542 1275 634 1366; x_wconf 88' lang='lat' dir='ltr'>quod</span> <span class='ocrx_word' id='word_1_63' title='bbox 648 1277 794 1346; x_wconf 76' lang='lat' dir='ltr'>materie</span> <span class='ocrx_word' id='word_1_64' title='bbox 812 1278 942 1370; x_wconf 69' lang='lat' dir='ltr'>agitato</span> 
     </span>
     <span class='ocr_line' id='line_1_12' title="bbox 103 1370 944 1466; baseline 0.005 -26"><span class='ocrx_word' id='word_1_65' title='bbox 103 1370 233 1442; x_wconf 84' lang='lat' dir='ltr'>iubsrdii</span> <span class='ocrx_word' id='word_1_66' title='bbox 260 1372 341 1461; x_wconf 86' lang='lat' dir='ltr'>quid</span> <span class='ocrx_word' id='word_1_67' title='bbox 365 1370 527 1444; x_wconf 83' lang='lat' dir='ltr'>attuliiiet.</span> <span class='ocrx_word' id='word_1_68' title='bbox 583 1371 639 1442; x_wconf 85' lang='lat' dir='ltr'>Ex</span> <span class='ocrx_word' id='word_1_69' title='bbox 663 1373 714 1444; x_wconf 89' lang='lat' dir='ltr'>his</span> <span class='ocrx_word' id='word_1_70' title='bbox 738 1375 944 1466; x_wconf 83' lang='lat' dir='ltr'>prosperiori</span> 
     </span>
     <span class='ocr_line' id='line_1_13' title="bbox 103 1467 942 1566; baseline 0.006 -26"><span class='ocrx_word' id='word_1_71' title='bbox 103 1467 156 1540; x_wconf 88' lang='lat' dir='ltr'>Te</span> <span class='ocrx_word' id='word_1_72' title='bbox 179 1473 320 1540; x_wconf 87' lang='lat' dir='ltr'>omnino</span> <span class='ocrx_word' id='word_1_73' title='bbox 343 1467 428 1540; x_wconf 84' lang='lat' dir='ltr'>sorte</span> <span class='ocrx_word' id='word_1_74' title='bbox 455 1471 546 1542; x_wconf 85' lang='lat' dir='ltr'>usum</span> <span class='ocrx_word' id='word_1_75' title='bbox 570 1469 727 1566; x_wconf 81' lang='lat' dir='ltr'>colliges:</span> <span class='ocrx_word' id='word_1_76' title='bbox 753 1472 846 1564; x_wconf 89' lang='lat' dir='ltr'>quod</span> <span class='ocrx_word' id='word_1_77' title='bbox 871 1494 942 1546; x_wconf 89' lang='lat' dir='ltr'>non</span> 
     </span>
     <span class='ocr_line' id='line_1_14' title="bbox 104 1565 943 1662; baseline 0 -22"><span class='ocrx_word' id='word_1_78' title='bbox 104 1567 210 1640; x_wconf 86' lang='lat' dir='ltr'>modo</span> <span class='ocrx_word' id='word_1_79' title='bbox 235 1565 333 1652; x_wconf 86' lang='lat' dir='ltr'>Tibi,</span> <span class='ocrx_word' id='word_1_80' title='bbox 364 1588 425 1658; x_wconf 86' lang='lat' dir='ltr'>pro</span> <span class='ocrx_word' id='word_1_81' title='bbox 448 1589 511 1655; x_wconf 90' lang='lat' dir='ltr'>eo,</span> <span class='ocrx_word' id='word_1_82' title='bbox 539 1590 608 1661; x_wconf 86' lang='lat' dir='ltr'>quo</span> <span class='ocrx_word' id='word_1_83' title='bbox 630 1569 748 1642; x_wconf 86' lang='lat' dir='ltr'>litteris</span> <span class='ocrx_word' id='word_1_84' title='bbox 769 1574 943 1662; x_wconf 74' lang='lat' dir='ltr'>cupimm,</span> 
     </span>
     <span class='ocr_line' id='line_1_15' title="bbox 104 1663 943 1753; baseline 0.006 -16"><span class='ocrx_word' id='word_1_85' title='bbox 104 1663 240 1750; x_wconf 77' lang='lat' dir='ltr'>affenu,</span> <span class='ocrx_word' id='word_1_86' title='bbox 265 1686 333 1736; x_wconf 91' lang='lat' dir='ltr'>non</span> <span class='ocrx_word' id='word_1_87' title='bbox 357 1666 562 1753; x_wconf 77' lang='lat' dir='ltr'>invidemus3</span> <span class='ocrx_word' id='word_1_88' title='bbox 579 1666 648 1740; x_wconf 68' lang='lat' dir='ltr'>“sed</span> <span class='ocrx_word' id='word_1_89' title='bbox 665 1671 712 1740; x_wconf 92' lang='lat' dir='ltr'>ob</span> <span class='ocrx_word' id='word_1_90' title='bbox 727 1665 943 1744; x_wconf 80' lang='lat' dir='ltr'>suaviffinuu</span> 
     </span>
     <span class='ocr_line' id='line_1_16' title="bbox 105 1762 815 1860; baseline 0 -25"><span class='ocrx_word' id='word_1_91' title='bbox 105 1785 239 1854; x_wconf 88' lang='lat' dir='ltr'>quoque</span> <span class='ocrx_word' id='word_1_92' title='bbox 260 1762 464 1850; x_wconf 85' lang='lat' dir='ltr'>sodalitium,</span> <span class='ocrx_word' id='word_1_93' title='bbox 490 1766 585 1835; x_wconf 84' lang='lat' dir='ltr'>valde</span> <span class='ocrx_word' id='word_1_94' title='bbox 604 1765 815 1860; x_wconf 85' lang='lat' dir='ltr'>grattdamur.</span> 
     </span>
    </p>

    <p class='ocr_par' dir='ltr' id='par_1_3' title="bbox 104 1860 1065 3209">
     <span class='ocr_line' id='line_1_17' title="bbox 151 1860 941 1954; baseline 0.008 -23"><span class='ocrx_word' id='word_1_95' title='bbox 151 1861 260 1952; x_wconf 86' lang='lat' dir='ltr'>Super</span> <span class='ocrx_word' id='word_1_96' title='bbox 282 1861 408 1953; x_wconf 86' lang='lat' dir='ltr'>reliqua</span> <span class='ocrx_word' id='word_1_97' title='bbox 432 1881 631 1932; x_wconf 89' lang='lat' dir='ltr'>autemnon</span> <span class='ocrx_word' id='word_1_98' title='bbox 654 1860 837 1954; x_wconf 75' lang='lat' dir='ltr'>potiamur,</span> <span class='ocrx_word' id='word_1_99' title='bbox 857 1863 941 1950; x_wconf 85' lang='lat' dir='ltr'>quin</span> 
     </span>
     <span class='ocr_line' id='line_1_18' title="bbox 107 1953 941 2053; baseline -0.002 -19"><span class='ocrx_word' id='word_1_100' title='bbox 107 1954 267 2053; x_wconf 78' lang='lat' dir='ltr'>Majanfii</span> <span class='ocrx_word' id='word_1_101' title='bbox 291 1959 376 2044; x_wconf 84' lang='lat' dir='ltr'>Tui,</span> <span class='ocrx_word' id='word_1_102' title='bbox 401 1953 657 2031; x_wconf 84' lang='lat' dir='ltr'>&amp;nuncetiam</span> <span class='ocrx_word' id='word_1_103' title='bbox 673 1961 794 2047; x_wconf 83' lang='lat' dir='ltr'>nostri,</span> <span class='ocrx_word' id='word_1_104' title='bbox 819 1958 941 2032; x_wconf 90' lang='lat' dir='ltr'>sollici-</span> 
     </span>
     <span class='ocr_line' id='line_1_19' title="bbox 104 2054 942 2152; baseline 0 -20"><span class='ocrx_word' id='word_1_105' title='bbox 104 2079 171 2132; x_wconf 81' lang='lat' dir='ltr'>tant</span> <span class='ocrx_word' id='word_1_106' title='bbox 191 2079 324 2142; x_wconf 85' lang='lat' dir='ltr'>curant,</span> <span class='ocrx_word' id='word_1_107' title='bbox 350 2054 588 2130; x_wconf 81' lang='lat' dir='ltr'>&amp;indefeffatn</span> <span class='ocrx_word' id='word_1_108' title='bbox 603 2058 647 2130; x_wconf 81' lang='lat' dir='ltr'>ad</span> <span class='ocrx_word' id='word_1_109' title='bbox 663 2059 824 2152; x_wconf 82' lang='lat' dir='ltr'>explenda</span> <span class='ocrx_word' id='word_1_110' title='bbox 842 2063 942 2146; x_wconf 84' lang='lat' dir='ltr'>amici</span> 
     </span>
     <span class='ocr_line' id='line_1_20' title="bbox 105 2155 942 2249; baseline 0 -19"><span class='ocrx_word' id='word_1_111' title='bbox 105 2157 270 2230; x_wconf 79' lang='lat' dir='ltr'>defideria</span> <span class='ocrx_word' id='word_1_112' title='bbox 292 2176 456 2249; x_wconf 83' lang='lat' dir='ltr'>operam,</span> <span class='ocrx_word' id='word_1_113' title='bbox 488 2155 703 2230; x_wconf 56' lang='lat' dir='ltr'>extollamus,</span> <span class='ocrx_word' id='word_1_114' title='bbox 751 2157 942 2231; x_wconf 84' lang='lat' dir='ltr'>Exosculati</span> 
     </span>
     <span class='ocr_line' id='line_1_21' title="bbox 106 2254 940 2350; baseline -0.005 -20"><span class='ocrx_word' id='word_1_115' title='bbox 106 2277 188 2330; x_wconf 89' lang='lat' dir='ltr'>vero</span> <span class='ocrx_word' id='word_1_116' title='bbox 202 2277 271 2326; x_wconf 90' lang='lat' dir='ltr'>non</span> <span class='ocrx_word' id='word_1_117' title='bbox 289 2261 397 2326; x_wconf 88' lang='lat' dir='ltr'>minus</span> <span class='ocrx_word' id='word_1_118' title='bbox 412 2254 518 2327; x_wconf 86' lang='lat' dir='ltr'>sumus</span> <span class='ocrx_word' id='word_1_119' title='bbox 535 2258 646 2328; x_wconf 86' lang='lat' dir='ltr'>eximii</span> <span class='ocrx_word' id='word_1_120' title='bbox 662 2257 733 2326; x_wconf 74' lang='lat' dir='ltr'>Vni</span> <span class='ocrx_word' id='word_1_121' title='bbox 750 2260 940 2350; x_wconf 84' lang='lat' dir='ltr'>ingenium,</span> 
     </span>
     <span class='ocr_line' id='line_1_22' title="bbox 107 2351 1065 2447; baseline 0.001 -21"><span class='ocrx_word' id='word_1_122' title='bbox 107 2355 263 2430; x_wconf 76' lang='lat' dir='ltr'>dodrioae</span> <span class='ocrx_word' id='word_1_123' title='bbox 281 2357 434 2447; x_wconf 87' lang='lat' dir='ltr'>copiam,</span> <span class='ocrx_word' id='word_1_124' title='bbox 462 2353 617 2425; x_wconf 76' lang='lat' dir='ltr'>sermonis</span> <span class='ocrx_word' id='word_1_125' title='bbox 634 2354 840 2426; x_wconf 77' lang='lat' dir='ltr'>suavitatem:</span> <span class='ocrx_word' id='word_1_126' title='bbox 866 2375 940 2446; x_wconf 80' lang='lat' dir='ltr'>quae</span> <span class='ocrx_word' id='word_1_127' title='bbox 1063 2351 1065 2358; x_wconf 56' lang='lat'>‘</span> 
     </span>
     <span class='ocr_line' id='line_1_23' title="bbox 106 2450 939 2550; baseline -0.007 -22"><span class='ocrx_word' id='word_1_128' title='bbox 106 2458 139 2528; x_wconf 90' lang='lat' dir='ltr'>in</span> <span class='ocrx_word' id='word_1_129' title='bbox 164 2452 236 2544; x_wconf 93' lang='lat' dir='ltr'>ipso</span> <span class='ocrx_word' id='word_1_130' title='bbox 257 2450 324 2550; x_wconf 83' lang='lat' dir='ltr'>jam</span> <span class='ocrx_word' id='word_1_131' title='bbox 349 2454 459 2523; x_wconf 87' lang='lat' dir='ltr'>mirari</span> <span class='ocrx_word' id='word_1_132' title='bbox 483 2453 675 2539; x_wconf 72' lang='lat' dir='ltr'>desivimus,</span> <span class='ocrx_word' id='word_1_133' title='bbox 700 2474 776 2527; x_wconf 83' lang='lat' dir='ltr'>cum</span> <span class='ocrx_word' id='word_1_134' title='bbox 800 2456 939 2543; x_wconf 87' lang='lat' dir='ltr'>quisquo</span> 
     </span>
     <span class='ocr_line' id='line_1_24' title="bbox 108 2549 941 2646; baseline -0.01 -22"><span class='ocrx_word' id='word_1_135' title='bbox 108 2577 126 2624; x_wconf 87' lang='lat' dir='ltr'>e</span> <span class='ocrx_word' id='word_1_136' title='bbox 159 2553 335 2622; x_wconf 83' lang='lat' dir='ltr'>Germanis</span> <span class='ocrx_word' id='word_1_137' title='bbox 359 2551 474 2620; x_wconf 83' lang='lat' dir='ltr'>nostris</span> <span class='ocrx_word' id='word_1_138' title='bbox 497 2551 754 2646; x_wconf 84' lang='lat' dir='ltr'>elegantioribus</span> <span class='ocrx_word' id='word_1_139' title='bbox 775 2551 885 2622; x_wconf 86' lang='lat' dir='ltr'>studiis</span> <span class='ocrx_word' id='word_1_140' title='bbox 908 2549 941 2632; x_wconf 79' lang='lat' dir='ltr'>sa</span> 
     </span>
     <span class='ocr_line' id='line_1_25' title="bbox 107 2647 940 2743; baseline -0.013 -17"><span class='ocrx_word' id='word_1_141' title='bbox 107 2653 218 2733; x_wconf 85' lang='lat' dir='ltr'>dedit,</span> <span class='ocrx_word' id='word_1_142' title='bbox 242 2649 437 2743; x_wconf 83' lang='lat' dir='ltr'>generosum</span> <span class='ocrx_word' id='word_1_143' title='bbox 461 2647 571 2722; x_wconf 89' lang='lat' dir='ltr'>Tuom</span> <span class='ocrx_word' id='word_1_144' title='bbox 589 2649 802 2722; x_wconf 82' lang='lat' dir='ltr'>Valentinum</span> <span class='ocrx_word' id='word_1_145' title='bbox 820 2669 863 2718; x_wconf 89' lang='lat' dir='ltr'>eo</span> <span class='ocrx_word' id='word_1_146' title='bbox 880 2647 940 2716; x_wconf 86' lang='lat' dir='ltr'>bo·</span> 
     </span>
     <span class='ocr_line' id='line_1_26' title="bbox 107 2747 940 2841; baseline -0.004 -17"><span class='ocrx_word' id='word_1_147' title='bbox 107 2771 190 2824; x_wconf 86' lang='lat' dir='ltr'>nore</span> <span class='ocrx_word' id='word_1_148' title='bbox 211 2751 322 2835; x_wconf 87' lang='lat' dir='ltr'>coiit,</span> <span class='ocrx_word' id='word_1_149' title='bbox 353 2769 421 2841; x_wconf 89' lang='lat' dir='ltr'>quo</span> <span class='ocrx_word' id='word_1_150' title='bbox 445 2747 588 2820; x_wconf 85' lang='lat' dir='ltr'>summos</span> <span class='ocrx_word' id='word_1_151' title='bbox 612 2754 699 2820; x_wconf 89' lang='lat' dir='ltr'>viros</span> <span class='ocrx_word' id='word_1_152' title='bbox 721 2747 834 2818; x_wconf 87' lang='lat' dir='ltr'>cole-re</span> <span class='ocrx_word' id='word_1_153' title='bbox 860 2765 940 2821; x_wconf 64' lang='lat' dir='ltr'>conv</span> 
     </span>
     <span class='ocr_line' id='line_1_27' title="bbox 108 2841 940 2938; baseline -0.006 -16"><span class='ocrx_word' id='word_1_154' title='bbox 108 2852 210 2922; x_wconf 87' lang='lat' dir='ltr'>venit.</span> <span class='ocrx_word' id='word_1_155' title='bbox 262 2847 300 2918; x_wconf 87' lang='lat' dir='ltr'>In</span> <span class='ocrx_word' id='word_1_156' title='bbox 325 2849 374 2918; x_wconf 85' lang='lat' dir='ltr'>bis</span> <span class='ocrx_word' id='word_1_157' title='bbox 400 2869 534 2938; x_wconf 86' lang='lat' dir='ltr'>quoque</span> <span class='ocrx_word' id='word_1_158' title='bbox 550 2847 686 2928; x_wconf 87' lang='lat' dir='ltr'>litteris,</span> <span class='ocrx_word' id='word_1_159' title='bbox 710 2847 751 2914; x_wconf 90' lang='lat' dir='ltr'>ad</span> <span class='ocrx_word' id='word_1_160' title='bbox 769 2842 819 2912; x_wconf 91' lang='lat' dir='ltr'>Te</span> <span class='ocrx_word' id='word_1_161' title='bbox 838 2841 940 2930; x_wconf 78' lang='lat' dir='ltr'>datis,</span> 
     </span>
     <span class='ocr_line' id='line_1_28' title="bbox 109 2944 942 3033; baseline 0 -15"><span class='ocrx_word' id='word_1_162' title='bbox 109 2949 168 3018; x_wconf 82' lang='lat' dir='ltr'>fibi</span> <span class='ocrx_word' id='word_1_163' title='bbox 190 2946 388 3017; x_wconf 83' lang='lat' dir='ltr'>ssmillintus:</span> <span class='ocrx_word' id='word_1_164' title='bbox 421 2947 477 3016; x_wconf 86' lang='lat' dir='ltr'>tali</span> <span class='ocrx_word' id='word_1_165' title='bbox 499 2949 533 3015; x_wconf 93' lang='lat' dir='ltr'>in</span> <span class='ocrx_word' id='word_1_166' title='bbox 557 2944 788 3033; x_wconf 80' lang='lat' dir='ltr'>conquirendis</span> <span class='ocrx_word' id='word_1_167' title='bbox 811 2945 843 3012; x_wconf 92' lang='lat' dir='ltr'>in</span> <span class='ocrx_word' id='word_1_168' title='bbox 871 2964 942 3018; x_wconf 84' lang='lat' dir='ltr'>rem</span> 
     </span>
     <span class='ocr_line' id='line_1_29' title="bbox 111 3039 939 3209; baseline -0.012 -88"><span class='ocrx_word' id='word_1_169' title='bbox 111 3045 199 3121; x_wconf 87' lang='lat' dir='ltr'>suam</span> <span class='ocrx_word' id='word_1_170' title='bbox 216 3045 416 3142; x_wconf 78' lang='lat' dir='ltr'>argumentis</span> <span class='ocrx_word' id='word_1_171' title='bbox 430 3049 603 3209; x_wconf 65' lang='lat' dir='ltr'>aculmioe,</span> <span class='ocrx_word' id='word_1_172' title='bbox 630 3039 751 3132; x_wconf 85' lang='lat' dir='ltr'>talique</span> <span class='ocrx_word' id='word_1_173' title='bbox 770 3043 804 3116; x_wconf 88' lang='lat' dir='ltr'>in</span> <span class='ocrx_word' id='word_1_174' title='bbox 822 3043 939 3120; x_wconf 82' lang='lat' dir='ltr'>iisdem</span> 
     </span>
    </p>

    <p class='ocr_par' dir='ltr' id='par_1_4' title="bbox 546 3161 940 3226">
     <span class='ocr_line' id='line_1_30' title="bbox 546 3161 940 3226; baseline 0 -19"><span class='ocrx_word' id='word_1_175' title='bbox 546 3161 570 3226; x_wconf 87' lang='lat'>4</span> <span class='ocrx_word' id='word_1_176' title='bbox 883 3161 940 3207; x_wconf 86' lang='lat' dir='ltr'>ex·</span> 
     </span>
    </p>
   </div>
   <div class='ocr_carea' id='block_1_3' title="bbox 0 0 1086 3568">
    <p class='ocr_par' dir='ltr' id='par_1_5' title="bbox 0 0 1086 3568">
     <span class='ocr_line' id='line_1_31' title="bbox 0 0 1086 3568; baseline 0 0"><span class='ocrx_word' id='word_1_177' title='bbox 0 0 1086 3568; x_wconf 95' lang='lat' dir='ltr'> </span> 
     </span>
    </p>
   </div>
  </div>
 </body>
</html>
