2138 3570
99 273 152 343 act
234 240 834 318 detinuerimus

99 429 252 499 adcurate
295 421 432 492 edocuit
464 418 553 512 (vid.
589 421 729 494 Observ.
765 421 945 516 Epistola·n

101 526 156 597 Cl.
168 538 171 542 ’
182 523 266 594 Belii
284 520 492 614 subiectam.)

149 621 207 692 Est
238 625 348 710 itaque
382 617 466 687 liber
497 618 553 686 hic
584 615 690 688 Mstus
722 619 943 690 chartaceus:

101 723 226 810 absque
253 718 319 788 ulla
344 715 601 788 contradictione
628 719 663 785 in
689 718 929 799 chortalium,

102 841 176 911 quae
192 836 350 909 perquam
365 813 489 884 vetusta
505 814 570 897 est,
596 809 635 884 ἃ
649 815 707 884 nei
721 817 859 886 ruditate
874 815 931 885 sua

103 917 264 1002 ostendit,
288 917 321 984 in
336 911 769 1004 primaiauiusertisiuvente
784 917 815 984 in
829 914 934 983 linea-

105 1037 172 1108 que
186 1015 316 1096 charte,
340 1030 414 1080 ante
431 1031 550 1080 annum
569 1031 746 1081 crucccxn.
764 1012 941 1097 confectas

104 1116 197 1187 hunc
217 1110 371 1182 codicem
389 1107 478 1178 fuisse
493 1122 671 1178 exaratum.
721 1109 808 1180 Illud
824 1131 939 1181 tamen

91 1214 169 1284 >hac
196 1209 414 1300 disputatione
437 1207 641 1277 contendere
665 1206 776 1292 nolo,
810 1207 936 1278 librum

105 1313 197 1382 hune
220 1309 430 1378 chartaceum
454 1307 487 1374 in
511 1305 618 1374 nostra
643 1304 852 1389 Bibliotheca
873 1305 943 1377 effe

107 1411 258 1482 omnium
286 1401 536 1495 antiquiffimum
553 1426 571 1488 ς·
600 1401 658 1472 sed
683 1425 772 1476 nunc
800 1405 940 1496 quidem

108 1510 251 1596 hiberno
273 1521 425 1593 tempore
448 1499 544 1592 plura·
566 1522 638 1570 eam
663 1504 696 1570 in
720 1523 790 1572 rem
807 1506 941 1572 exemi·

108 1627 187 1678 aare
204 1625 272 1675 non
290 1599 379 1671 licet.
411 1597 535 1669 Sufficit
549 1599 649 1682 mibi,
674 1600 716 1670 ed
737 1599 941 1691 propositam

109 1705 323 1799 questionem
350 1719 407 1769 me
438 1717 573 1788 quoque
602 1697 725 1788 aliquid
751 1697 942 1787 ,contuliiso

109 1802 202 1872 Volo
221 1822 331 1872 tamen
347 1798 387 1868 ad
405 1795 607 1888 probandam
625 1799 695 1868 eius
711 1797 786 1866 libri
802 1799 942 1868 vetusta.

110 1921 180 1972 tem
196 1917 239 1968 eir
252 1897 418 1987 principio
432 1896 503 1964 eius
517 1893 624 1965 adhuc
639 1894 778 1986 paucula
799 1893 942 1968 adferre.

111 1999 273 2070 Omnium
296 1994 401 2086 prima
422 1994 529 2064 rubris
551 1991 654 2063 diteris
668 1993 788 2085 scripte
802 1993 874 2064 haec
891 1993 943 2065 lc-

112 2113 257 2195 guntur:-
574 2143 579 2152 .
617 2123 620 2130 ·

113 2235 118 2258 ,
162 2191 219 2283 Hy
243 2189 344 2263 hebet
367 2187 444 2280 syth
468 2187 527 2258 der
549 2209 667 2259 renner
690 2211 743 2260 an.
768 2189 818 2261 br'c
833 2187 944 2278 incipit

113 2293 210 2366 Liber
234 2285 428 2381 Rhytmr’ttts.
482 2285 617 2358 Deinde
642 2285 819 2380 sequuntur
834 2286 943 2358 trede-

113 2396 181 2466 cim
203 2384 313 2460 versus
339 2384 510 2471 Leonini‚
542 2385 577 2456 id
599 2385 646 2455 ¹est
668 2385 840 2456 artificiose
862 2407 946 2456 con·

115 2489 265 2570 cinnatu,
301 2483 363 2578 (a)
395 2504 537 2574 quorum
569 2482 702 2554 ultimus
731 2486 946 2574 aptioribus

116 2587 262 2664 diversus
277 2580 372 2652 aliter
383 2580 495 2652 sonata
514 2582 679 2672 postremo
696 2581 948 2672 sequiturhuius

117 2682 316 2779 praefetionis
342 2681 567 2770 interpretatio
591 2679 817 2770 Germanica,
850 2679 946 2751 timidi

114 2785 186 2876 iere
201 2779 351 2856 versuum
365 2797 501 2874 genere.
547 2847 550 2852 ,

878 2935 949 3027 Vb

115 3144 118 3153 “
154 3139 201 3220 (a)
219 3105 300 3220 Qum
321 3135 390 3196 Vici.
417 3151 474 3197 una
498 3151 563 3198 cum
588 3133 759 3198 Germanica
781 3099 953 3210 interpretass

117 3219 196 3280 tione
212 3219 242 3274 in
256 3213 378 3277 Obsetv.
398 3213 444 3280 Cl.
462 3211 547 3279 Rebi.
