2140 3578
325 244 829 340 PRnantrlo

177 387 256 504 -ipli
289 413 351 472 res
379 387 678 473 Germanorum
706 387 874 498 carptim
900 412 989 498 per·

184 501 376 615 scripsere.
411 501 530 588 Adeo
550 529 671 618 vero,
697 521 744 588 ut
762 509 804 586 in
821 501 994 616 profun-

185 620 237 705 da
269 620 418 730 patriae
451 626 728 733 majorumque
757 625 799 701 &
819 620 995 732 aborigi-

185 761 286 826 num
305 733 546 818 versaremur
563 735 814 850 ignorantia,
842 734 994 844 absque

185 854 271 964 ejus
302 849 439 933 libello
461 849 490 934 fi
514 849 701 947 essemus,
729 875 852 961 quem
868 848 920 931 de
941 848 990 934 fi-

187 987 255 1064 tu,
286 965 461 1072 moribus
490 993 536 1049 ac
567 963 726 1078 populis
752 962 991 1078 Germaniae

83 1169 85 1172 ,
188 1081 425 1190 composuit.
477 1078 627 1192 Estque
662 1077 759 1164 haec
781 1100 903 1164 vetus
922 1107 994 1162 an·

189 1198 324 1304 tiquae
341 1194 524 1278 historiae
541 1197 725 1306 querela;
755 1215 800 1276 ut
821 1195 996 1306 quaein·-

189 1310 380 1394 tercidere
414 1306 537 1408 olim,
569 1336 701 1394 rerum
735 1309 996 1410 Germanica-

190 1449 280 1508 rum
321 1421 463 1534 scripta
502 1423 639 1511 dolere
677 1425 814 1536 potius
861 1446 998 1518 vacet,

190 1565 314 1650 quam
351 1538 550 1650 inspicere.
605 1541 655 1623 In
691 1541 751 1628 his
772 1536 871 1647 Titi
887 1537 999 1624 Livii

185 1662 234 1738 ,δι
266 1651 442 1768 ejusdem
478 1649 613 1739 Taciti
635 1653 1001 1767 quaedameprae·

191 1769 321 1855 sertim
346 1767 469 1854 Plinii
491 1769 650 1878 majoris
670 1766 811 1880 uiginti
833 1767 920 1854 libri
944 1767 1001 1856 de

193 1882 315 1970 Bellis
335 1882 601 1984 Germaniae:
629 1885 776 1999 quibus
798 1885 1001 1972 inchoatis

192 1999 276 2114 (ut
305 2026 354 2080 ex
386 2001 517 2087 sorore
554 2029 681 2112 nepos
701 2002 806 2105 eius,
833 1999 1001 2114 epistola

194 2117 242 2202 ad
270 2110 497 2229 Marcum)
519 2143 611 2203 cum
635 2118 677 2200 in
698 2115 913 2207 Germania
925 2123 1001 2204 mi·

196 2229 348 2322 litaret,
379 2231 482 2310 duce
506 2230 699 2328 Tiberio,
729 2238 866 2316 omnia
898 2232 1002 2320 bella

196 2343 436 2456 collegerat,
462 2372 564 2456 quae
590 2353 764 2459 populus
786 2347 1004 2441 Romanus

195 2487 289 2542 cum
328 2457 540 2547 Germanis
566 2461 703 2575 gellit:
744 2485 865 2578 atque
897 2464 1002 2550 adeo
1066 2513 1067 2534 r

181 2571 341 2664 ‘indeo
375 2575 479 2658 bello
508 2575 720 2665 Cimbrico
756 2583 807 2664 ad
833 2582 1001 2667 initium
1066 2569 1067 2602 ¹

66 2775 70 2780 ,
199 2691 433 2805 imperantis
464 2691 590 2790 Titi,
634 2724 718 2808 quo
746 2724 769 2779 e
794 2696 899 2782 vivis
919 2722 1003 2779 ere-

116 2865 118 2870 .
198 2831 307 2922 ptusr
367 2808 429 2889 Ac
454 2811 623 2918 protulit
642 2815 676 2894 is
696 2808 870 2898 Pliniani
891 2815 1003 2924 inge-

201 2925 261 3002 nii
280 2919 411 3004 foetus
433 2946 600 3010 aetatem
612 2926 783 3012 omnino
812 2924 1000 3040 usquead

200 3029 457 3144 Trajanum,
494 3043 659 3150 quando
698 3039 866 3132 Tacitus
880 3045 996 3244 biham

909 3185 920 3238 ι
953 3182 1004 3238 o·
