2152 3566
131 175 858 274 ¹5601sn‘nvnrronts

131 354 245 428 nornen
274 374 333 426 eos
357 349 559 424 difficiliores
581 355 809 445 experirerir3
842 360 983 447 quando

129 456 293 550 quidem,
321 455 408 526 inter
439 451 593 545 reliqua,
627 472 745 526 eontra
775 449 983 546 Maianiium

131 554 348 648 pronuntiare
373 572 571 624 teneantur:
604 550 663 622 nist
685 550 782 643 ipiius
805 552 901 626 fimul
916 557 983 630 So·

131 654 261 726 cietntis
284 649 407 739 conisa,
431 650 541 742 aliqua
560 671 602 720 ex
625 672 739 742 perte,
766 653 821 747 ogi
845 655 981 728 videre·

130 771 202 840 rur,
227 772 301 842 quae
324 749 367 821 od
393 749 513 822 chattae
538 748 635 820 lineae
658 751 805 844 origines
827 757 978 826 curatius

129 848 395 946 pervestigandos
417 849 563 920 eruditos
587 847 760 934 homines,
797 853 866 939 pati
892 873 977 943 pro·

89 1036 91 1041 ¹
130 947 241 1044 potito
288 950 455 1038 praetnio,
503 945 701 1036 sollicitavit.
757 945 849 1018 Cum
889 971 975 1022 veto

132 1044 423 1141 pmiiantiffirnom
455 1050 562 1117 virum
584 1064 672 1116 tanta
695 1047 796 1115 animi
818 1050 977 1139 nequitate

131 1167 173 1217 ea
194 1144 297 1218 tuliffe
318 1146 485 1242 legamus,
510 1167 583 1237 quae
606 1143 675 1234 ipse
700 1146 735 1214 in
761 1143 849 1215 illius
862 1147 978 1220 afferre

135 1243 310 1344 regeffilii:
343 1243 566 1327 confidimus,
600 1263 677 1312 eunt
701 1263 771 1311 non
797 1248 905 1315 minus
927 1245 978 1316 fa·

135 1346 203 1417 cile
225 1343 399 1429 attentum,
424 1339 682 1434 conjunfflffimo
706 1343 973 1430 amendatum,

132 1461 378 1535 percepturum.
432 1440 549 1532 anue
590 1436 794 1530 persuafione
836 1462 975 1534 captus,

132 1541 214 1633 quid
239 1538 280 1611 de
309 1559 383 1611 toto
405 1541 544 1634 negotio
567 1537 735 1608 statuerint
751 1535 912 1629 Sodales,
936 1540 977 1613 li·

133 1635 498 1712 beriustrensscribam.
731 1701 734 1706 ι

183 1738 352 1831 Principio
368 1741 402 1808 in
421 1757 465 1808 eo
482 1735 612 1830 prorsus
628 1755 876 1830 convenerunt,
901 1759 975 1812 non

136 1861 231 1932 aeque
249 1855 423 1920 accurate,
447 1857 487 1907 ac
503 1838 537 1906 in
553 1836 783 1908 admonitione
800 1834 896 1921 Tua,
920 1836 975 1908 iit·

135 1931 319 2010 teratiffitne
353 1932 598 2018 Meetmanne‚
638 1932 786 2020 fanum,
825 1936 975 2008 chartam

133 2034 400 2122 bombycinam‚
433 2031 654 2128 gossypinant,
683 2052 895 2120 cottonem,
919 2032 975 2105 vel

133 2151 337 2228 quocunque
367 2131 435 2200 alio
457 2134 592 2200 nomine
619 2131 736 2200 eadem
761 2133 897 2216 veniat,
927 2133 972 2202 ab

133 2233 242 2318 linet,
265 2225 327 2324 (a)
344 2229 583 2299 recentioribus
591 2228 716 2298 saeculis
725 2228 855 2316 ofitatt,
869 2231 972 2300 etiarn

133 2326 381 2406 aversatiffintie
396 2330 429 2397 in
447 2345 517 2398 arte
535 2326 748 2418 diplomatica
763 2331 860 2413 viris,
876 2325 971 2400 fuisse

129 2429 324 2506 distinnam.
373 2424 509 2497 Etenim
547 2425 766 2519 Ludeorigittm
803 2425 894 2498 illam
929 2427 973 2498 ab

133 2533 203 2606 noc
228 2547 351 2630 genere
374 2525 473 2618 plane
494 2523 651 2597 diversam
674 2524 828 2620 cogitasse
851 2527 975 2596 merito

922 2646 974 2695 ai·

174 2807 225 2886 (ti)
245 2799 370 2870 lineam
389 2791 472 2868 eriitn
490 2818 558 2865 enm
579 2799 701 2878 dicere,
728 2796 808 2862 Tuo
829 2801 974 2879 exemplo

132 2887 276 2962 prefero,
301 2904 351 2966 ut,
373 2886 422 2946 vel
443 2879 502 2964 ipsa
520 2879 742 2962 appellatione,
771 2898 846 2944 mox
867 2877 972 2944 erclis

134 2966 232 3030 limeis
251 2965 457 3042 discernatur,
484 2962 613 3044 quibos,
634 2962 743 3028 cinno
765 2959 851 3042 tice,
871 2958 974 3043 prisce

129 3048 195 3125 jem
207 3055 312 3126 flentes
324 3043 383 3109 usae
397 3043 475 3109 snut.
