2170 3576
6 261 9 268 a
146 189 289 268 eum
300 186 609 272 'sruounams
628 133 725 270 cnr.
735 191 798 271 ur.
835 216 900 294 ιι,

91 317 249 404 maxime
265 323 420 396 virorum
437 321 781 414 illustrium,diversa
796 346 816 394 e
833 347 902 397 ma·

93 421 196 490 teria.
232 419 428 514 Aliquando
462 441 534 490 area
557 416 613 492 seu
643 419 742 494 locus
768 443 901 516 purus,

94 514 236 588 circum
264 516 480 614 descriptus,
505 537 632 615 aggere
656 519 830 611 munitus,
858 517 901 594 ad

92 599 349 686 excludendam
359 611 804 707 turbamuprohibendam
814 617 898 691 vim:
1018 625 1020 630 ’

90 711 228 805 quode
250 733 286 780 re
306 710 375 782 fuit
394 712 463 782 ruri
485 709 577 781 &in
601 707 796 787 solitudine.
843 713 900 785 Id·

87 869 91 874 .
121 827 167 876 ue
192 806 445 880 monimentum
472 804 541 878 five
570 807 825 878 munimentum
842 809 897 881 di·

91 830 204 973 gum.
241 902 282 974 N
287 927 333 974 on
359 906 522 1001 ignotum
540 902 590 974 est
611 902 695 974 illud
712 901 857 999 Ulpiani
875 906 898 990 l,

90 999 178 1073 aede
194 999 283 1071 sacra
303 997 343 1074 ff.
353 999 680 1096 decontrah.empt.
715 1001 810 1073 Intro
827 1025 895 1072 ma·

90 1101 212 1168 ceriam
240 1099 435 1190 epulcrorum
451 1103 515 1170 toea
524 1117 611 1189 pura
632 1096 754 1184 hortis,
779 1101 836 1169 vel
850 1125 900 1172 ce-

88 1198 172 1267 teris
194 1197 325 1267 culturis
347 1194 506 1283 servata,
541 1200 576 1288 st
606 1193 689 1266 nihil
710 1197 897 1268 nominatim

89 1292 242 1363 venditor
265 1297 451 1386 exceperit,
467 1295 516 1364 ad
533 1309 699 1385 emptorem
723 1295 896 1388 pertinent.

92 1387 159 1459 De
174 1389 286 1462 Probo
302 1392 538 1482 Imperatore,
563 1407 705 1462 mortuo
721 1389 811 1486 apud
822 1389 896 1462 Sir-

92 1486 226 1572 mium,
253 1485 428 1583 Vopiscus
447 1511 521 1582 cap.
534 1504 590 1557 21.
622 1488 732 1581 Ingens
750 1490 780 1556 ei
789 1485 895 1580 sanut-

88 1606 203 1673 crum,
225 1587 317 1656 elatis
339 1587 520 1680 aggeribus,
549 1607 654 1668 amnes,
665 1587 791 1675 pariter
806 1587 895 1656 mili-

89 1695 138 1752 ter
148 1678 301 1774 fererant.
329 1681 454 1754 Strabo
473 1705 555 1752 vero
570 1683 674 1752 etiarn
693 1681 735 1748 de
748 1679 891 1752 Mauso÷

90 1777 150 1852 leo
179 1775 327 1850 Caesaris
359 1777 511 1872 Augusti
530 1779 567 1850 in
593 1775 728 1848 Martio
755 1772 894 1872 Campo

89 1873 134 1946 ad
168 1872 332 1970 Tiberim
356 1853 471 1946 caelio
498 1871 580 1944 Geo
608 1897 636 1944 r.
652 1869 701 1942 V.
718 1895 799 1970 pag.
815 1881 895 1972 163.

89 1973 135 2044 In
153 1972 252 2043 aredio
276 1976 389 2064 Campi
396 1971 503 2066 spatio
526 1895 606 2064 basii
630 1971 695 2064 ejas
707 1969 809 2066 exstat
827 1994 895 2050 am.-

89 2070 198 2157 bitus,
222 2070 292 2140 albo
311 2068 469 2163 perfetius
498 2069 621 2159 lepide,
636 2068 760 2162 ferreos
777 2071 811 2138 in
827 2071 894 2140 cir-

88 2169 180 2238 cuitu
204 2169 348 2240 cancellos
362 2155 497 2258 habeas,
523 2166 564 2246 sai
578 2168 744 2257 plantatas
759 2168 892 2236 interius

78 2263 193 2360 ftrens
215 2268 350 2356 populas.
400 2257 512 2354 Cuius
529 2261 689 2334 Mausolei
706 2262 890 2333 circulares
1007 2327 1017 2348 ,

87 2360 248 2456 reliquias
269 2382 375 2460 usque
404 2358 509 2432 hodie
523 2357 679 2452 conspici
694 2359 831 2430 Romae
848 2358 890 2428 ad

90 2457 130 2530 S.
148 2457 274 2530 Rochi
291 2458 409 2530 aedem
432 2455 531 2528 restes
545 2455 635 2544 sunt,
660 2453 720 2550 qui
735 2475 808 2526 earu
829 2476 889 2523 ur-

88 2553 171 2626 bem
189 2551 400 2651 descripsere.
451 2553 622 2624 Videntur
639 2570 751 2623 tamen
769 2549 807 2622 &
823 2571 887 2622 co-·

88 2651 217 2724 lumnis
241 2652 354 2724 cincla
369 2651 616 2736 Romanorum
633 2647 816 2721 illustrium
836 2646 886 2719 se·

75 2747 240 2847 pulcra.
269 2748 383 2841 sacia,
417 2767 457 2820 ut
478 2745 645 2818 Pausanias
663 2743 790 2818 Arcad.
805 2766 886 2842 pag.

89 2867 173 2941 250.
195 2843 237 2916 ed
262 2845 494 2920 imirationem
522 2842 691 2934 Mausolei
709 2842 798 2939 regis
818 2845 886 2912 Ca·

87 2945 210 3036 riae‚'
251 2942 322 3016 uod
364 2944 499 3016 cineum
527 2942 678 3014 totumne
710 2939 884 3029 XXXVI.

87 3035 220 3135 scripsit
273 3042 530 3114 liniusxxxvr.
551 3059 582 3131 5.
634 3037 693 3108 Sic
721 3033 885 3110 columna

75 3136 261 3229 ¹Antonini
279 3138 352 3232 Pii,
374 3135 515 3212 Romae
530 3133 658 3234 positar,
684 3136 719 3208 in
735 3133 885 3238 nummis

563 3241 570 3252 .
613 3239 617 3246 .
834 3250 856 3284 a·

337 3303 339 3310 ,
457 3233 495 3306 Η
