2138 3570
104 228 159 340 -r8
237 220 820 306 Orsuae-rarorum

123 408 204 497 cidit
227 407 261 476 in
279 403 426 497 Coralogo
445 401 600 500 Mstorum
616 402 813 488 Bibliotheca
833 405 955 484 Gordo-

122 504 180 577 r'tae.
230 493 383 596 Uterque
411 507 553 595 primum
583 505 738 575 duntaxat
765 501 888 578 librum
913 532 961 581 ex

121 624 335 696 quocumque
360 601 527 673 Mstorum
552 602 721 675 volumine
746 606 843 676 nobis
870 609 960 678 indi·

116 709 196 787 cat,
227 703 354 780 caeteris
378 701 559 784 omnibus„
592 703 650 792 qui
671 701 788 772 eadem
814 703 956 794 ligatura
1058 729 1059 736 ¹

122 802 287 890 compadii
302 798 498 890 sequuntur,
522 798 651 869 filontio
667 801 887 891 praetermiffis.
915 803 955 874 Si

114 901 232 990 itaque
263 897 405 993 diligens
439 897 715 970 Bibliotheearius
752 898 955 996 {iugulorum

120 996 285 1084 Mstoronr
302 1017 424 1080 anuos,
450 998 508 1087 qui
524 999 558 1068 in
578 996 642 1068 fine
658 996 853 1090 plenamque
870 998 959 1072 senr-

118 1091 181 1189 per
194 1093 348 1186 adscripti
363 1093 455 1182 sunt,
480 1094 634 1168 adcurate
650 1099 833 1168 examinare
849 1097 956 1186 velit,
1058 1175 1059 1186 χ

118 1198 153 1265 in
171 1198 258 1265 tanta
273 1191 426 1286 proiecto
444 1189 604 1263 librorum
621 1191 816 1288 scriptorum
829 1200 954 1288 copia,
1058 1199 1059 1242 ³

115 1294 217 1365 etiam
245 1311 404 1384 quantum
432 1289 474 1361 ad
509 1293 655 1362 chartam
671 1295 814 1384 pertinet
827 1287 842 1380 ‚⁴
872 1295 953 1386 pul·

116 1392 279 1462 cherrima
294 1389 467 1462 observare
482 1391 616 1481 poterit.

163 1488 317 1572 Interea,
351 1486 432 1560 illud
454 1487 509 1558 hic
533 1508 633 1579 atque
655 1489 734 1560 alibi
752 1489 822 1580 fieri
837 1490 953 1581 posse,
1057 1494 1058 1577 i

114 1591 150 1660 in
170 1586 339 1680 praesentia
357 1607 398 1656 ex
414 1588 516 1656 unico
536 1606 660 1658 tantum
679 1589 805 1659 vetusto
822 1609 952 1679 opere,

114 1687 210 1782 quod
234 1685 324 1758 aliud
347 1686 521 1782 agentibus
547 1685 644 1756 nobis
664 1685 750 1760 forte
765 1685 898 1757 fortuna
913 1689 952 1760 iu

115 1806 232 1856 manus
248 1786 359 1868 veuit,
385 1782 635 1855 declarabimus.
676 1785 769 1874 Hugo
789 1779 951 1856 Trimber·

111 1883 186 1978 gius
213 1879 298 1966 five,
322 1882 370 1952 uti
395 1881 465 1952 aliis
490 1880 694 1972 adpellatur‚
725 1881 950 1975 Tritnbtrgt'us

113 1979 219 2072 (von.
236 1975 415 2074 Trimberg
438 1980 502 2050 srve
527 1979 741 2078 Trienberg)
765 1983 863 2071 poita
883 1981 951 2056 fuit

111 2073 215 2152 seculi
248 2097 307 2146 run
338 2073 374 2150 δι
406 2099 486 2148 xuu.
523 2099 672 2151 mortuus
706 2081 826 2154 dicitur
857 2101 949 2152 anno

113 2169 286 2266 praecem.
311 2177 360 2245 uti
380 2173 574 2266 subscriptio
591 2177 687 2266 iibri,
712 2181 770 2269 qui
786 2179 867 2251 olim
882 2177 948 2252 suit

112 2267 335 2360 Bibssothecae
365 2270 654 2364 Heilsbornensrs,
688 2277 829 2354 testatur.
878 2273 946 2350 Hic

113 2394 224 2451 autem
258 2369 363 2470 Hugo
395 2373 632 2470 Trienbergius
656 2377 783 2467 podnta,
803 2374 946 2467 scripiit,

110 2475 205 2567 quod
243 2469 447 2578 Rhytruicrrm
478 2470 564 2563 (den
601 2471 760 2568 Renner)
793 2477 947 2562 vocavit,

109 2577 205 2652 cuius
244 2569 424 2642 editionem
463 2572 635 2645 habemus·
657 2571 870 2645 Francofurti
903 2571 949 2646 ad

109 2667 265 2766 Moenum
296 2668 465 2759 iupreffarrr
495 2672 583 2762 apud
613 2669 818 2763 Cyprianum
847 2671 947 2764 Jaco-¹

109 2769 191 2840 burn
209 2789 263 2842 ten
279 2769 376 2840 Bock
391 2771 424 2838 iu
441 2767 501 2839 fol.
523 2792 576 2845 ao.
594 2786 810 2844 ctotoxuvuu.
861 2769 946 2862 Lip-

109 2865 215 2960 fieufis
236 2887 371 2961 quoque
393 2865 745 2948 Bibliothecaurbanu
760 2867 946 2958 pulcherri-

108 2985 200 3060 mum
222 2970 293 3038 eius
316 2963 485 3059 exemplar
507 2965 818 3059 Mstutnpoffidet,
850 2967 946 3058 quod

108 3065 242 3156 picturis
265 3065 313 3140 est
332 3083 549 3156 exoratum,
573 3065 946 3166 cuinarrruenretatern

770 3163 1059 3236 ‘ad-¹
