2138 3570
213 231 281 307 Da
309 233 440 308 Oaro.
467 234 634 312 Curua.
659 234 824 311 brnen:
919 245 961 334 Γ

101 413 263 488 adhibere
286 418 442 489 novimus
459 416 616 489 amabiles
642 415 852 490 mulierculas
864 415 940 490 bel·

109 511 224 608 lol'que
239 514 411 600 homines,
438 513 473 587 δι
490 517 585 606 pr'elo
597 533 733 606 quoque
748 537 941 588 accommo-

108 612 177 682 dari
201 612 310 702 polle,
337 616 369 684 in
395 613 537 708 Anglia‚
562 637 637 688 raro
658 613 833 704 exemplo,
861 615 940 686 Bas·

100 710 276 786 kervillius
291 713 417 788 docuit.
445 711 496 782 Ea
513 711 603 783 ulum
623 711 713 782 fuille
730 712 941 805 Alphonsurn

101 809 299 900 Sapientem
333 812 473 895 credat,
515 813 570 881 cui
603 810 738 902 volupe.
796 810 872 882 Nos
902 813 938 884 id

99 909 227 980 charrae
252 929 356 1002 genus
379 909 617 1004 intelligimus,
644 911 737 1001 qood
760 931 832 980 eam
856 931 937 1001 qua·

100 1007 232 1078 litarem
255 1007 314 1077 libi
335 1011 504 1100 propriam
534 1008 652 1090 habet,
678 1031 800 1100 nempe
827 1029 939 1078 corto-

98 1127 215 1178 neum.
269 1105 390 1196 Neque
413 1105 565 1198 profesto
591 1109 774 1178 mirandum
798 1105 866 1193 est,
898 1107 938 1178 il·

100 1203 165 1276 lius
191 1203 284 1276 usum
307 1206 395 1293 apud
421 1203 584 1296 Hispanos
612 1205 774 1296 italosque
790 1224 856 1276 tam
872 1204 937 1276 fre·

99 1323 265 1395 quentem
289 1301 397 1386 soille,
421 1325 524 1394 quum
548 1327 622 1374 eam
645 1303 771 1374 necelle
793 1326 861 1372 non
880 1305 956 1374 ha··

99 1404 222 1474 berem
239 1421 281 1470 ex
297 1401 435 1472 Oriente
451 1405 613 1475 continuo
628 1423 800 1494 repetere,
819 1402 937 1492 utple-

101 1499 211 1590 risque
237 1497 339 1568 visum
364 1500 428 1583 est,
455 1499 510 1570 l'ed
528 1505 560 1570 in
577 1504 718 1593 propriis
735 1501 935 1572 fabricarent

101 1600 207 1670 terris.
261 1594 318 1668 De
338 1596 493 1688 Hispania
508 1619 597 1669 certe
614 1597 936 1669 literatilllmusTer·

101 1718 213 1780 reros,
241 1697 411 1791 postquam
431 1696 560 1767 laudam
576 1698 948 1770 monumentainchar·,

103 1799 143 1866 tis
170 1797 385 1886 bombycinis
408 1795 599 1880 indicasset,
631 1795 823 1892 subjungit,
855 1796 936 1868 duas

102 1895 223 1966 chartae
248 1894 377 1984 species
398 1894 542 1964 indicare
559 1893 766 1966 instrumenta
782 1897 955 1986 εηιίεμιειἰ

103 1991 323 2069 Toreunam,
351 1988 381 2062 br
406 1991 527 2074 cebri,
553 1992 645 2081 quod
668 2013 797 2079 tamen,
822 2013 858 2064 ur
874 2013 935 2064 ex-

103 2113 231 2183 ponere
246 2092 342 2169 latius
359 2090 536 2180 aliquando
554 2090 653 2172 velit,
669 2113 745 2160 eum
760 2112 933 2185 rogatum,

102 2193 216 2281 cupio.
270 2189 326 2260 De
353 2187 444 2258 Italia
466 2189 689 2260 memorabilis
705 2190 770 2269 est,
795 2193 936 2260 nemini·

101 2309 166 2379 que
183 2290 217 2358 in
233 2288 299 2364 hoc
316 2307 531 2382 argumento,
547 2289 667 2377 praeter
678 2286 934 2383 Ludewigium‚
959 2381 961 2384 Ι

102 2385 295 2460 observatus
315 2387 410 2460 locus
424 2386 490 2478 Jcri
501 2386 652 2470 llartoli,
668 2389 725 2475 qui
735 2388 812 2457 aba.
828 2407 945 2475 ¹3¹3ae

101 2483 144 2558 ad
173 2505 278 2578 1357·
305 2486 405 2569 vixit,
439 2487 472 2554 in
500 2481 651 2558 Troiiam
674 2485 710 2555 rie
732 2480 875 2576 instruile
893 2479 935 2562 ὦ*

100 2583 228 2666 armis,
270 2583 339 2653 sub.
371 2585 459 2654 rubr.
487 2585 520 2654 8.
579 2585 810 2654 Notariorum
833 2577 958 2676 puell*

101 2676 253 2773 affirmare
266 2677 394 2770 figuram
419 2680 567 2766 alterius,
593 2677 635 2762 Β
645 2677 674 2765 fi
697 2677 839 2774 affirmir,
862 2699 936 2776 pro·

99 2781 203 2850 hiberi
231 2778 335 2871 parali.
400 2777 581 2851 Fabricaror
613 2783 794 2852 chartarum
831 2777 955 2874 perell·

96 2877 254 2974 prohiberi
276 2879 324 2948 uri
344 2872 436 2970 figno
459 2880 587 2950 alterius
601 2875 839 2971 fabricatoris,
874 2882 951 2950 ubi

99 2979 171 3046 haee
198 2979 296 3047 verba
321 2998 534 3048 occorrono·
560 2977 606 3048 In
628 2974 779 3064 Marchia
801 2977 935 3047 Anconi-

102 3091 178 3153 iaaa
194 3071 241 3171 est
256 3075 401 3168 quoddam
420 3075 519 3255 uolgo
535 3071 697 3170 castretur
715 3075 804 3167 cujus
822 3089 935 3236 ηοηὲἵι

128 3217 134 3224 .
530 3195 552 3264 4
925 3197 938 3216 .
