2140 3578
232 233 282 310 44
359 213 434 286 DE
457 210 570 286 ΔΚΛ
598 211 926 287 VBIORUM.

231 375 294 444 ne,
318 351 360 424 ad
384 376 423 423 ea
437 359 531 462 'quae
554 357 633 422 'tum
658 347 808 422 fiebant
838 349 957 422 militu
966 347 1011 420 Ιί-

121 499 123 510 .
229 451 363 534 centia,
389 449 538 520 firmtter
567 447 866 544 argumentando
884 445 1014 544 protue-

231 547 288 616 ris.
323 543 542 636 Noviffime,
570 541 654 641 quid
680 541 750 614 nifi
784 541 869 615 hoc
884 543 932 614 est
945 541 1018 614 ludu

230 663 331 737 agere
349 642 486 715 nemine
504 637 706 736 plaudente,
731 659 859 736 quum
882 639 1022 710 fiveinm

231 735 374 810 Bonnae
391 759 525 826 muros,
552 733 620 806 five
641 735 677 808 in
690 733 906 808 suburbano
922 746 1026 828 (neque

160 839 164 848 ’
229 836 322 906 enim
346 831 540 930 'quidquam
562 828 766 930 definiunt)
799 831 903 906 Aac
927 832 1029 904 locum

229 927 433 1027 adfignant,
458 927 527 1002 fine
545 929 663 1000 coaevi
671 925 865 1024 scriptoris
879 949 937 1002 aut
945 926 1027 998 Geo-

259 1027 357 1122 ruphi
378 1021 566 1123 suffragio?
603 1027 738 1098 Contra
754 1022 922 1098 Tacitus
935 1046 1028 1098 nonne

229 1046 411 1208 {onnam
436 1121 607 1219 oppidum
624 1138 703 1194 tum
721 1125 910 1218 temporis
928 1119 1027 1195 invul-
1065 1133 1066 1159 ¹

231 1240 299 1316 gus
335 1219 380 1290 sat
411 1217 880 1316 cognitum-nominaffet
911 1220 1030 1314 potius,

233 1337 336 1410 quam
356 1321 461 1390 Aram
481 1315 635 1388 Vbiorum
652 1311 894 1409 fimpliciter?
919 1315 1029 1386 Taceo

230 1415 382 1483 Bonnam
398 1434 468 1482 non
483 1411 609 1506 cepisse
622 1411 770 1506 amplius
784 1434 863 1484 una
883 1412 1027 1509 legione:

231 1527 296 1577 nec
314 1506 478 1604 leguntur
498 1507 610 1604 plures
625 1530 669 1579 eo
681 1504 809 1580 missae.
836 1508 932 1580 Alibi
945 1528 1025 1602 ergo
1066 1551 1067 1600 ¹

234 1603 422 1700 quaerenda
436 1610 524 1696 Ara,
551 1601 588 1676 ὃς
602 1606 737 1702 quidem
751 1603 843 1676 loco
854 1604 1021 1702 peculiari·
1066 1605 1067 1608 ’

233 1719 287 1772 ter
310 1698 424 1772 dieue:
452 1697 519 1772 five
542 1702 723 1796 proprium
749 1707 796 1773 ac'
807 1699 1022 1774 vernaculum
1067 1772 1068 1812 1

236 1819 409 1893 praeterea
434 1796 498 1893 ipfi
522 1797 714 1870 adhaereret
731 1819 886 1890 nomen,
915 1797 981 1872 five
994 1793 1023 1868 id

234 1893 277 1964 de
294 1902 363 1965 Ara
378 1895 464 1966 inibi
481 1893 652 1966 collocata
667 1895 822 1966 duceret.

284 1989 362 2060 IV.
389 1991 511 2085 Itaque
537 2013 556 2062 e
587 1989 720 2062 diverso
744 1989 816 2062 hue
844 1994 954 2088 proni
979 1989 1025 2062 s·

234 2106 333 2176 mus,
358 2088 410 2155 uti
427 2094 531 2157 Aram
552 2088 587 2158 in
606 2085 705 2158 Vbiis
724 2104 817 2158 trans
833 2088 1029 2176 Rhenum,

232 2205 279 2252 ex
302 2180 424 2251 Taciti
448 2182 588 2278 ejusque
646 2181 845 2280 opulatium
868 2183 1030 2281 loquendi

234 2301 351 2362 more,
373 2277 535 2352 videlacet
548 2281 585 2353 in
602 2206 832 2374 (germanica,
860 2305 931 2353 non
940 2279 1031 2352 Gal·

235 2376 302 2449 lica
316 2373 468 2449 fluminis
482 2381 555 2472 ripa
576 2378 757 2448 statuamus
766 2379 951 2451 conditam
960 2401 1027 2449 ere·

234 2469 404 2566 &tamque
453 2471 583 2566 Neque
597 2471 717 2545 desunt
734 2473 1028 2548 nobisstententiae

234 2568 402 2658 rationes,
428 2587 468 2640 ut
485 2572 632 2667 opinor,
657 2573 732 2666 plus
749 2592 851 2664 quam
867 2571 1030 2668 probabi-

235 2663 293 2736 les.
325 2663 504 2761 Principio
523 2668 683 2764 quidem,
711 2669 804 2762 quod
823 2688 866 2740 ut
881 2691 963 2740 mox
971 2669 1026 2738 de-

235 2760 464 2835 monstratum
473 2763 619 2855 ibimus,
644 2761 746 2858 prisci
755 2786 830 2836 eam
843 2763 1025 2838 Vbiistru·

236 2881 318 2928 xere
348 2858 459 2952 patrio
484 2863 645 2952 numini,
677 2879 859 2955 antequam
886 2864 925 2934 in
948 2859 1028 2934 fini·

236 2949 337 3022 stram
376 2954 481 3026 amnis
519 2958 626 3048 ripam
659 2953 749 3028 sedes
776 2958 1025 3030 transtulerant.

236 3040 336 3113 Tum
366 3069 448 3122 vero
476 3051 813 3152 proptereajquod
844 3052 1028 3130 Cornelius

850 3153 855 3160 ,
955 3155 1034 3240 Μ,
