2152 3566
119 223 165 315 34
248 217 812 293 Onsnnvnrronns

164 398 267 471 Num.
286 421 320 488 4.
344 398 402 468 ubi
416 396 539 468 exstant
551 397 666 469 verba:
686 395 766 469 Dat.
786 397 945 500 Dertufflr

116 493 185 580 &n
211 497 303 590 quod
318 496 456 574 Amicus,
467 515 541 566 tuus
555 495 667 566 seculo
682 519 750 567 xrv.
770 503 944 592 accenset,

115 601 222 696 prima
251 595 355 672 statim
387 593 543 689 inspeeiio
573 593 942 694 docetpbombycinum

116 699 190 769 effe.

165 792 267 863 Vides
286 797 395 884 itaque
411 791 454 862 V.
473 789 536 863 Cl.·
548 795 708 887 originem
718 792 836 874 charte
845 793 940 873 lineae

113 900 150 984 in
172 887 329 984 Hispania
351 891 498 961 nondum
515 891 724 983 [exploratam
747 888 836 981 effe,
871 898 939 966 imo

114 1013 217 1086 quum
231 989 407 1085 goffypinae
418 989 490 1060 usus
504 987 571 1060 illic
582 989 689 1060 adhuc
702 987 814 1059 seculo
823 1013 941 1083 quarto

115 1097 248 1184 decimo
265 1089 453 1174 duraverit,
477 1108 541 1166 tam
561 1087 716 1158 vetustam
733 1107 802 1158 non
809 1091 942 1182 ·videri·,

115 1180 215 1284 atque
232 1187 311 1259 alibi
327 1186 592 1256 forteloeorum.
638 1213 641 1220 ·
675 1213 684 1222 ·
724 1213 747 1224 ··

159 1285 267 1384 ,Vale3
293 1285 335 1357 V.
360 1279 414 1366 Ci.
438 1282 473 1362 ὃς
495 1305 545 1382 res
562 1303 631 1354 tuas
650 1281 776 1377 semper
791 1309 852 1384 age
868 1289 943 1358 seii·

114 1391 207 1459 citer.
257 1383 346 1455 Dab.
372 1382 534 1467 stannci,
558 1387 591 1452 in
607 1377 938 1478 praedio'meoprope

108 1471 253 1556 [eidam
269 1480 305 1558 d.
323 1499 368 1572 23
386 1475 555 1570 Septemb.
576 1482 680 1572 1762.
775 1511 780 1518 ·

36 1577 39 1586 ’
106 1596 124 1667 ἢ
162 1581 199 1654 Ρ.
224 1578 257 1652 S.
291 1575 353 1648 Hae
377 1578 478 1650 liteiae
501 1578 543 1648 ab
570 1579 752 1649 amanuensr
776 1601 853 1651 meo
874 1581 943 1674 jam

105 1681 285 1772 'descriptae
304 1697 413 1774 emm,
437 1692 537 1767 quum
556 1677 588 1745 in
605 1697 749 1747 mentem
765 1683 875 1766 venit,
900 1704 942 1762 an

109 1795 182 1853 ‘non
198 1775 323 1849 cultelli
338 1797 403 1867 ope
419 1772 580 1866 explorari
593 1773 696 1868 poiiet
709 1775 828 1848 chertae
840 1781 938 1862 bonr-

111 1880 243 1969 bycinae
260 1895 393 1970 genus,
418 1869 452 1944 &
474 1873 640 1963 particule
663 1878 838 1945 cottonicae
859 1877 936 1947 inde

112 1973 229 2046 avelli:
246 1992 309 2041 nec
324 1967 508 2040 infeliciter.
529 1969 677 2042 Invenies
687 1975 803 2067 igitur,
817 1973 938 2046 chartae

111 2095 132 2143 a
151 2071 207 2166 Cl.
222 2065 361 2138 Velasco
377 2070 436 2137 tibi
453 2065 550 2137 miiiae
566 2063 730 2160 specimen
747 2070 853 2142 multo
869 2074 937 2143 cia·
1068 2119 1069 2202 p

112 2171 180 2242 rius
203 2167 363 2263 originem
385 2164 472 2244 sunm
493 2167 696 2260 exprimere,
720 2189 817 2263 quam
833 2171 935 2264 ipsam

110 2266 280 2363 Perimam.
393 2301 395 2308 κ
