2138 3570
206 179 276 260 Du
298 187 428 262 Orto.
459 185 627 263 enarr.
650 175 815 268 Lanam.
869 199 940 291 “1¹5

81 370 242 456 ¹randum
259 371 366 443 restet.
417 367 521 441 Certe
537 382 618 462 quas
629 370 697 465 jam
713 375 940 468 communim-

100 475 210 544 viruus
232 467 506 554 observationes,
543 469 636 540 valde
660 473 838 544 etiamnum
865 471 939 549 sunt

106 590 247 654 mancae,
270 588 375 660 quum
400 569 434 638 in
454 565 546 638 ltalia
563 566 740 660 Galliaque
756 569 939 647 Montesal·

103 671 220 740 conius
237 667 471 740 memoraverit
486 665 623 756 quidem
640 668 849 744 instrumenta
865 670 940 762 post

98 789 128 840 a.
159 787 268 860 1270.
303 764 448 856 scripta,
482 784 515 834 at
535 763 776 838 vetustislrmum
793 767 940 840 indicare

96 863 315 962 neglexerit,
347 865 381 934 in
398 861 578 934 Germania
593 886 678 936 unus
694 866 796 936 modo
813 866 939 938 alterve

98 969 148 1036 rei
175 963 388 1046 incubuerit,
421 957 530 1052 &qui
548 960 623 1052 plus
639 961 774 1054 reliquis
790 965 939 1055 praestare

98 1059 258 1156 potuisset
282 1057 466 1144 GudenuS,
491 1059 662 1131 observata
678 1060 730 1132 sua
746 1063 788 1132 ad
803 1063 941 1153 posteri·

99 1183 203 1234 tatem
220 1157 311 1230 haud
324 1157 551 1244 transmiserit,
567 1161 601 1228 in
615 1159 736 1254 Anglia
749 1182 850 1251 porro
864 1159 940 1232 Bel·

101 1264 229 1356 gioque
247 1257 387 1328 multum
405 1257 554 1328 videatur
569 1255 709 1329 aliorum
725 1256 873 1330 relidlum
890 1261 940 1332 in·

100 1360 244 1431 dustriae.
286 1353 373 1440 Sed,
397 1355 490 1446 quod
507 1359 612 1454 magis
628 1355 831 1438 dolendum,
857 1357 939 1428 nihil

101 1459 262 1530 haetenus
277 1455 376 1525 nobis
384 1453 564 1526 reserarunt
576 1452 627 1526 vel
639 1451 836 1548 Hispania&
846 1453 939 1528 Lusi·

101 1560 211 1640 tania,
240 1553 293 1624 vel
310 1555 465 1648 regiones
482 1552 771 1646 septentrionales,
796 1553 851 1626 vel
865 1555 940 1626 aliae·

101 1678 168 1728 orae
188 1651 366 1726 Germanis
380 1650 536 1744 ltalisque
553 1655 680 1724 vicinae.
707 1649 824 1744 Quum
839 1655 940 1748 igitur

101 1778 167 1826 una
182 1755 275 1824 natio
288 1750 437 1844 pluribus
449 1749 536 1822 sorte
548 1751 621 1842 post
631 1752 727 1821 aliam
738 1749 842 1822 lustris
853 1751 938 1822 hanc

103 1855 251 1924 thartam
274 1851 424 1940 recipere
449 1853 619 1940 potuerit,
654 1847 801 1934 interest,
836 1871 872 1922 ut
895 1851 938 1922 de

103 1971 302 2042 unaquaque
336 1948 370 2018 id
396 1944 645 2042 cognoscatur,
683 1947 771 2018 unde
805 1949 938 2018 tandem

106 2051 267 2122 conllabit
286 2085 296 2133 ,·
331 2068 481 2136 quaenam
500 2048 626 2116 caeteris
641 2049 805 2139 praeiverit
819 2069 857 2118 ac
875 2043 939 2138 pro

103 2151 289 2220 inventrice
310 2144 462 2216 habenda
482 2143 544 2231 srt,
578 2147 647 2216 imo
666 2167 765 2238 quam
787 2149 939 2237 proxime

104 2245 498 2340 detegeturinventionls
514 2267 596 2330 aera,
621 2265 720 2336 quam
738 2246 820 2340 intra
835 2266 941 2314 annos

108 2367 215 2437 1250.
243 2341 318 2434 (vel
343 2343 429 2412 sorte
459 2343 586 2436 1270.)
608 2338 767 2434 &1302¹
792 2362 941 2432 quaeren·

102 2445 178 2516 dam
198 2443 323 2513 docent
338 2442 568 2532 precedentia.

63 2573 69 2588 ·
151 2541 269 2614 Visum
287 2541 387 2636 igitur
402 2541 464 2609 hac
480 2537 635 2610 schedula
646 2534 712 2623 est,
725 2535 940 2634 quoscunque

102 2646 135 2714 in
161 2639 305 2729 Europa
330 2639 417 2708 viros
442 2638 613 2724 literatos,
646 2642 767 2730 quibus
788 2636 829 2707 ad
848 2633 942 2730 infig-

102 2747 218 2812 niores
232 2736 472 2821 bibliothecas,
490 2757 546 2806 aut
561 2737 692 2807 archiva
706 2733 859 2827 publica,
872 2735 941 2808 adi·

103 2861 155 2914 tus
175 2837 242 2920 est,
267 2840 373 2906 amice
389 2836 575 2920 exhortari,
595 2855 631 2908 ut
647 2834 764 2927 singuli
780 2837 943 2926 inquirant

103 2942 136 3010 in
151 2933 406 3026 antiquissimum
423 2932 565 3028 cujusvis
580 2936 725 3028 regionis
735 2931 798 3002 srve
809 2935 942 3011 librum,

106 3037 170 3112 live
186 3033 355 3130 diploma,
375 3033 437 3108 live
450 3035 684 3128 qualecunque
698 3031 830 3102 tandem
841 3029 944 3098 docta

854 3140 944 3190 men·
