<?xml version="1.0" encoding="UTF-8"?>
<!DOCTYPE html PUBLIC "-//W3C//DTD XHTML 1.0 Transitional//EN"
    "http://www.w3.org/TR/xhtml1/DTD/xhtml1-transitional.dtd">
<html xmlns="http://www.w3.org/1999/xhtml" xml:lang="en" lang="en">
 <head>
  <title>
</title>
<meta http-equiv="Content-Type" content="text/html;charset=utf-8" />
  <meta name='ocr-system' content='tesseract 3.04.00' />
  <meta name='ocr-capabilities' content='ocr_page ocr_carea ocr_par ocr_line ocrx_word'/>
</head>
<body>
  <div class='ocr_page' id='page_1' title='image "./gerardimeermane01meergoog_0283.png"; bbox 0 0 2140 3578; ppageno 0'>
   <div class='ocr_carea' id='block_1_1' title="bbox 82 129 1065 3228">
    <p class='ocr_par' dir='ltr' id='par_1_1' title="bbox 231 129 866 318">
     <span class='ocr_line' id='line_1_1' title="bbox 231 129 835 168; baseline -0.015 -7"><span class='ocrx_word' id='word_1_1' title='bbox 231 129 237 161; x_wconf 87' lang='lat' dir='ltr'>t</span> <span class='ocrx_word' id='word_1_2' title='bbox 822 147 835 168; x_wconf 48' lang='grc' dir='ltr'>Γ</span> 
     </span>
     <span class='ocr_line' id='line_1_2' title="bbox 344 201 866 318; baseline 0.015 -8"><span class='ocrx_word' id='word_1_3' title='bbox 344 201 866 318; x_wconf 55' lang='lat' dir='ltr'>trituratio?</span> 
     </span>
    </p>

    <p class='ocr_par' dir='ltr' id='par_1_2' title="bbox 82 377 1065 724">
     <span class='ocr_line' id='line_1_3' title="bbox 82 377 999 498; baseline 0.004 -32"><span class='ocrx_word' id='word_1_4' title='bbox 82 409 85 422; x_wconf 92' lang='lat'><em>·</em></span> <span class='ocrx_word' id='word_1_5' title='bbox 191 377 460 496; x_wconf 77' lang='lat' dir='ltr'>all‘entandum</span> <span class='ocrx_word' id='word_1_6' title='bbox 490 381 693 467; x_wconf 84' lang='lat' dir='ltr'>defidiofis</span> <span class='ocrx_word' id='word_1_7' title='bbox 720 381 999 498; x_wconf 63' lang='lat' dir='ltr'>principibus?</span> 
     </span>
     <span class='ocr_line' id='line_1_4' title="bbox 187 495 996 613; baseline -0.002 -30"><span class='ocrx_word' id='word_1_8' title='bbox 187 523 254 583; x_wconf 82' lang='lat' dir='ltr'>aut</span> <span class='ocrx_word' id='word_1_9' title='bbox 285 498 564 610; x_wconf 83' lang='lat' dir='ltr'>supprimenda</span> <span class='ocrx_word' id='word_1_10' title='bbox 582 495 884 613; x_wconf 86' lang='lat' dir='ltr'>differendaque</span> <span class='ocrx_word' id='word_1_11' title='bbox 907 500 996 584; x_wconf 78' lang='lat' dir='ltr'>fue·¹</span> 
     </span>
     <span class='ocr_line' id='line_1_5' title="bbox 188 634 1065 724; baseline 0 -26"><span class='ocrx_word' id='word_1_12' title='bbox 188 638 269 698; x_wconf 91' lang='lat' dir='ltr'>nnt</span> <span class='ocrx_word' id='word_1_13' title='bbox 284 645 326 698; x_wconf 87' lang='lat' dir='ltr'>tn</span> <span class='ocrx_word' id='word_1_14' title='bbox 349 638 504 724; x_wconf 87' lang='lat' dir='ltr'>tempus</span> <span class='ocrx_word' id='word_1_15' title='bbox 517 634 784 723; x_wconf 75' lang='lat' dir='ltr'>vtrtuttmagts</span> <span class='ocrx_word' id='word_1_16' title='bbox 797 641 1001 712; x_wconf 79' lang='lat' dir='ltr'>amicum,</span> <span class='ocrx_word' id='word_1_17' title='bbox 1064 659 1065 664; x_wconf 12' lang='grc' dir='ltr'><strong><em>Ν</em></strong></span> 
     </span>
    </p>

    <p class='ocr_par' dir='ltr' id='par_1_3' title="bbox 153 725 999 843">
     <span class='ocr_line' id='line_1_6' title="bbox 153 725 999 843; baseline -0.005 -29"><span class='ocrx_word' id='word_1_18' title='bbox 153 743 157 750; x_wconf 83' lang='grc'><strong>’</strong></span> <span class='ocrx_word' id='word_1_19' title='bbox 188 757 291 843; x_wconf 86' lang='lat' dir='ltr'>quae</span> <span class='ocrx_word' id='word_1_20' title='bbox 310 731 388 813; x_wconf 91' lang='lat' dir='ltr'>luci</span> <span class='ocrx_word' id='word_1_21' title='bbox 410 727 591 840; x_wconf 86' lang='lat' dir='ltr'>publicae</span> <span class='ocrx_word' id='word_1_22' title='bbox 602 725 799 811; x_wconf 85' lang='lat' dir='ltr'>destinata.</span> <span class='ocrx_word' id='word_1_23' title='bbox 819 730 999 840; x_wconf 86' lang='lat' dir='ltr'><strong>Quippe</strong></span> 
     </span>
    </p>

    <p class='ocr_par' dir='ltr' id='par_1_4' title="bbox 146 842 1002 932">
     <span class='ocr_line' id='line_1_7' title="bbox 146 842 1002 932; baseline -0.002 -3"><span class='ocrx_word' id='word_1_24' title='bbox 146 907 149 918; x_wconf 73' lang='lat'>,</span> <span class='ocrx_word' id='word_1_25' title='bbox 187 845 314 929; x_wconf 84' lang='lat' dir='ltr'>mulus</span> <span class='ocrx_word' id='word_1_26' title='bbox 332 842 460 932; x_wconf 90' lang='lat' dir='ltr'>custos</span> <span class='ocrx_word' id='word_1_27' title='bbox 478 843 747 927; x_wconf 82' lang='lat' dir='ltr'>diuturnitatis</span> <span class='ocrx_word' id='word_1_28' title='bbox 768 868 894 928; x_wconf 87' lang='lat' dir='ltr'>metus</span> <span class='ocrx_word' id='word_1_29' title='bbox 915 842 1002 927; x_wconf 89' lang='lat' dir='ltr'>est:</span> 
     </span>
    </p>

    <p class='ocr_par' dir='ltr' id='par_1_5' title="bbox 158 953 1000 1284">
     <span class='ocr_line' id='line_1_8' title="bbox 191 953 1000 1072; baseline 0.004 -28"><span class='ocrx_word' id='word_1_30' title='bbox 191 988 263 1044; x_wconf 76' lang='lat' dir='ltr'>nec</span> <span class='ocrx_word' id='word_1_31' title='bbox 289 980 438 1044; x_wconf 82' lang='lat' dir='ltr'>temere</span> <span class='ocrx_word' id='word_1_32' title='bbox 468 963 667 1072; x_wconf 69' lang='lat' dir='ltr'>superatur</span> <span class='ocrx_word' id='word_1_33' title='bbox 682 953 819 1045; x_wconf 68' lang='lat' dir='ltr'>orditur</span> <span class='ocrx_word' id='word_1_34' title='bbox 832 955 1000 1046; x_wconf 66' lang='lat' dir='ltr'>diuorum</span> 
     </span>
     <span class='ocr_line' id='line_1_9' title="bbox 158 1070 995 1183; baseline -0.007 -24"><span class='ocrx_word' id='word_1_35' title='bbox 158 1071 359 1174; x_wconf 60' lang='lat' dir='ltr'>¹Scaldim,</span> <span class='ocrx_word' id='word_1_36' title='bbox 389 1097 434 1158; x_wconf 92' lang='lat' dir='ltr'>ut</span> <span class='ocrx_word' id='word_1_37' title='bbox 454 1071 665 1158; x_wconf 86' lang='lat' dir='ltr'>Lucianus.</span> <span class='ocrx_word' id='word_1_38' title='bbox 709 1070 886 1168; x_wconf 85' lang='lat' dir='ltr'>Idcirco,</span> <span class='ocrx_word' id='word_1_39' title='bbox 918 1073 995 1183; x_wconf 86' lang='lat' dir='ltr'>qui</span> 
     </span>
     <span class='ocr_line' id='line_1_10' title="bbox 189 1189 993 1284; baseline -0.005 -12"><span class='ocrx_word' id='word_1_40' title='bbox 189 1189 310 1272; x_wconf 84' lang='lat' dir='ltr'>alieni</span> <span class='ocrx_word' id='word_1_41' title='bbox 331 1189 378 1271; x_wconf 91' lang='lat' dir='ltr'>ab</span> <span class='ocrx_word' id='word_1_42' title='bbox 397 1189 627 1273; x_wconf 80' lang='lat' dir='ltr'>adulatione</span> <span class='ocrx_word' id='word_1_43' title='bbox 649 1211 790 1284; x_wconf 85' lang='lat' dir='ltr'>eraut,</span> <span class='ocrx_word' id='word_1_44' title='bbox 819 1189 882 1270; x_wconf 90' lang='lat' dir='ltr'>sua</span> <span class='ocrx_word' id='word_1_45' title='bbox 895 1208 993 1268; x_wconf 93' lang='lat' dir='ltr'>tune</span> 
     </span>
    </p>

    <p class='ocr_par' dir='ltr' id='par_1_6' title="bbox 118 1300 999 2106">
     <span class='ocr_line' id='line_1_11' title="bbox 118 1300 999 1415; baseline -0.005 -30"><span class='ocrx_word' id='word_1_46' title='bbox 118 1317 119 1322; x_wconf 72' lang='lat'>&#39;</span> <span class='ocrx_word' id='word_1_47' title='bbox 188 1302 352 1386; x_wconf 90' lang='lat' dir='ltr'>demum</span> <span class='ocrx_word' id='word_1_48' title='bbox 373 1303 545 1390; x_wconf 86' lang='lat' dir='ltr'>solebant</span> <span class='ocrx_word' id='word_1_49' title='bbox 565 1300 999 1415; x_wconf 77' lang='lat' dir='ltr'>quasrecarcereemit·</span> 
     </span>
     <span class='ocr_line' id='line_1_12' title="bbox 189 1409 993 1527; baseline -0.005 -27"><span class='ocrx_word' id='word_1_50' title='bbox 189 1440 294 1505; x_wconf 79' lang='lat' dir='ltr'>tete,</span> <span class='ocrx_word' id='word_1_51' title='bbox 324 1445 451 1527; x_wconf 92' lang='lat' dir='ltr'>quum</span> <span class='ocrx_word' id='word_1_52' title='bbox 488 1415 563 1499; x_wconf 78' lang='lat' dir='ltr'>elle</span> <span class='ocrx_word' id='word_1_53' title='bbox 583 1422 621 1500; x_wconf 92' lang='lat' dir='ltr'>in</span> <span class='ocrx_word' id='word_1_54' title='bbox 646 1418 751 1499; x_wconf 84' lang='lat' dir='ltr'>vivis</span> <span class='ocrx_word' id='word_1_55' title='bbox 770 1409 993 1512; x_wconf 74' lang='lat' dir='ltr'>de&#39;finstnt,</span> 
     </span>
     <span class='ocr_line' id='line_1_13' title="bbox 187 1527 992 1642; baseline 0.001 -31"><span class='ocrx_word' id='word_1_56' title='bbox 187 1557 361 1642; x_wconf 88' lang='lat' dir='ltr'>quorum</span> <span class='ocrx_word' id='word_1_57' title='bbox 389 1531 607 1616; x_wconf 88' lang='lat' dir='ltr'>conderent</span> <span class='ocrx_word' id='word_1_58' title='bbox 639 1527 851 1619; x_wconf 84' lang='lat' dir='ltr'>historiam·</span> <span class='ocrx_word' id='word_1_59' title='bbox 898 1531 992 1614; x_wconf 85' lang='lat' dir='ltr'>Huc</span> 
     </span>
     <span class='ocr_line' id='line_1_14' title="bbox 188 1643 989 1758; baseline -0.002 -28"><span class='ocrx_word' id='word_1_60' title='bbox 188 1654 391 1758; x_wconf 80' lang='lat' dir='ltr'>pertinent</span> <span class='ocrx_word' id='word_1_61' title='bbox 420 1649 580 1732; x_wconf 85' lang='lat' dir='ltr'>iteratae</span> <span class='ocrx_word' id='word_1_62' title='bbox 616 1643 756 1729; x_wconf 90' lang='lat' dir='ltr'>Taciti</span> <span class='ocrx_word' id='word_1_63' title='bbox 784 1646 989 1757; x_wconf 87' lang='lat' dir='ltr'>querelae,</span> 
     </span>
     <span class='ocr_line' id='line_1_15' title="bbox 189 1759 987 1874; baseline 0.001 -29"><span class='ocrx_word' id='word_1_64' title='bbox 189 1765 406 1874; x_wconf 85' lang='lat' dir='ltr'>prooemiis</span> <span class='ocrx_word' id='word_1_65' title='bbox 431 1763 687 1856; x_wconf 68' lang='lat' dir='ltr'>Annalium,</span> <span class='ocrx_word' id='word_1_66' title='bbox 719 1759 987 1847; x_wconf 83' lang='lat' dir='ltr'>Historiarum</span> 
     </span>
     <span class='ocr_line' id='line_1_16' title="bbox 189 1877 989 1991; baseline 0.001 -31"><span class='ocrx_word' id='word_1_67' title='bbox 189 1886 232 1960; x_wconf 89' lang='lat'>&amp;</span> <span class='ocrx_word' id='word_1_68' title='bbox 264 1879 367 1964; x_wconf 83' lang='lat' dir='ltr'>vitae</span> <span class='ocrx_word' id='word_1_69' title='bbox 391 1881 488 1989; x_wconf 88' lang='lat' dir='ltr'>Julii</span> <span class='ocrx_word' id='word_1_70' title='bbox 520 1877 753 1991; x_wconf 81' lang='lat' dir='ltr'>Agricolae,</span> <span class='ocrx_word' id='word_1_71' title='bbox 787 1878 989 1990; x_wconf 87' lang='lat' dir='ltr'>arguentis</span> 
     </span>
     <span class='ocr_line' id='line_1_17' title="bbox 142 1989 987 2104; baseline 0.005 -33"><span class='ocrx_word' id='word_1_72' title='bbox 142 2018 144 2026; x_wconf 48' lang='lat'><strong>¹</strong></span> <span class='ocrx_word' id='word_1_73' title='bbox 176 1989 306 2099; x_wconf 81' lang='lat' dir='ltr'>saeva</span> <span class='ocrx_word' id='word_1_74' title='bbox 330 1991 530 2106; x_wconf 73' lang='lat' dir='ltr'>&amp;infesta</span> <span class='ocrx_word' id='word_1_75' title='bbox 553 1990 774 2076; x_wconf 80' lang='lat' dir='ltr'>uirtutibus</span> <span class='ocrx_word' id='word_1_76' title='bbox 807 2005 987 2104; x_wconf 83' lang='lat' dir='ltr'>tempora.</span> 
     </span>
    </p>

    <p class='ocr_par' dir='ltr' id='par_1_7' title="bbox 188 2101 1058 2215">
     <span class='ocr_line' id='line_1_18' title="bbox 188 2101 1058 2215; baseline 0.006 -27"><span class='ocrx_word' id='word_1_77' title='bbox 188 2101 340 2215; x_wconf 87' lang='lat' dir='ltr'>Neque</span> <span class='ocrx_word' id='word_1_78' title='bbox 374 2107 506 2190; x_wconf 87' lang='lat' dir='ltr'>hercle</span> <span class='ocrx_word' id='word_1_79' title='bbox 531 2104 631 2201; x_wconf 83' lang='lat' dir='ltr'>scio,</span> <span class='ocrx_word' id='word_1_80' title='bbox 654 2129 703 2188; x_wconf 89' lang='lat' dir='ltr'>an</span> <span class='ocrx_word' id='word_1_81' title='bbox 728 2107 887 2190; x_wconf 84' lang='lat' dir='ltr'>ausurus</span> <span class='ocrx_word' id='word_1_82' title='bbox 903 2105 989 2193; x_wconf 88' lang='lat' dir='ltr'>fue·</span> <span class='ocrx_word' id='word_1_83' title='bbox 1056 2123 1058 2128; x_wconf 81' lang='grc'><em>’</em></span> 
     </span>
    </p>

    <p class='ocr_par' dir='ltr' id='par_1_8' title="bbox 122 2219 998 3228">
     <span class='ocr_line' id='line_1_19' title="bbox 187 2219 998 2308; baseline 0.005 -6"><span class='ocrx_word' id='word_1_84' title='bbox 187 2241 246 2302; x_wconf 83' lang='lat' dir='ltr'>rat</span> <span class='ocrx_word' id='word_1_85' title='bbox 264 2221 358 2302; x_wconf 85' lang='lat' dir='ltr'>haec</span> <span class='ocrx_word' id='word_1_86' title='bbox 380 2222 473 2305; x_wconf 74' lang='lat' dir='ltr'>&#39;talia</span> <span class='ocrx_word' id='word_1_87' title='bbox 493 2229 533 2302; x_wconf 73' lang='grc' dir='ltr'>δε</span> <span class='ocrx_word' id='word_1_88' title='bbox 554 2219 679 2301; x_wconf 80' lang='lat' dir='ltr'>libelli</span> <span class='ocrx_word' id='word_1_89' title='bbox 700 2219 751 2300; x_wconf 90' lang='lat' dir='ltr'>de</span> <span class='ocrx_word' id='word_1_90' title='bbox 774 2221 998 2308; x_wconf 76' lang='lat' dir='ltr'>Germania</span> 
     </span>
     <span class='ocr_line' id='line_1_20' title="bbox 188 2325 988 2448; baseline 0.008 -32"><span class='ocrx_word' id='word_1_91' title='bbox 188 2325 398 2446; x_wconf 83' lang='lat' dir='ltr'>quaepiam</span> <span class='ocrx_word' id='word_1_92' title='bbox 437 2334 593 2446; x_wconf 85' lang='lat' dir='ltr'>publica</span> <span class='ocrx_word' id='word_1_93' title='bbox 628 2333 755 2417; x_wconf 79' lang='lat' dir='ltr'>lacere</span> <span class='ocrx_word' id='word_1_94' title='bbox 785 2334 988 2448; x_wconf 84' lang='lat' dir='ltr'>superstite</span> 
     </span>
     <span class='ocr_line' id='line_1_21' title="bbox 189 2447 989 2563; baseline 0.003 -29"><span class='ocrx_word' id='word_1_95' title='bbox 189 2449 357 2534; x_wconf 89' lang='lat' dir='ltr'>Tiberio</span> <span class='ocrx_word' id='word_1_96' title='bbox 380 2447 859 2563; x_wconf 86' lang='lat' dir='ltr'>&amp;quieumlecutisunt,</span> <span class='ocrx_word' id='word_1_97' title='bbox 879 2457 989 2562; x_wconf 90' lang='lat' dir='ltr'>prin·</span> 
     </span>
     <span class='ocr_line' id='line_1_22' title="bbox 188 2565 991 2682; baseline 0.004 -32"><span class='ocrx_word' id='word_1_98' title='bbox 188 2566 343 2679; x_wconf 85' lang='lat' dir='ltr'>cipibus</span> <span class='ocrx_word' id='word_1_99' title='bbox 371 2565 572 2649; x_wconf 86' lang='lat' dir='ltr'>nonnullis</span> <span class='ocrx_word' id='word_1_100' title='bbox 612 2592 737 2675; x_wconf 83' lang='lat' dir='ltr'>usque</span> <span class='ocrx_word' id='word_1_101' title='bbox 770 2566 821 2650; x_wconf 89' lang='lat' dir='ltr'>ad</span> <span class='ocrx_word' id='word_1_102' title='bbox 849 2565 991 2682; x_wconf 81' lang='lat' dir='ltr'>Traja-</span> 
     </span>
     <span class='ocr_line' id='line_1_23' title="bbox 189 2680 988 2792; baseline 0.003 -27"><span class='ocrx_word' id='word_1_103' title='bbox 189 2705 312 2778; x_wconf 93' lang='lat' dir='ltr'>num,</span> <span class='ocrx_word' id='word_1_104' title='bbox 338 2708 422 2791; x_wconf 94' lang='lat' dir='ltr'>quo</span> <span class='ocrx_word' id='word_1_105' title='bbox 460 2688 679 2792; x_wconf 85' lang='lat' dir='ltr'>imperante</span> <span class='ocrx_word' id='word_1_106' title='bbox 708 2680 873 2765; x_wconf 89' lang='lat' dir='ltr'>demum</span> <span class='ocrx_word' id='word_1_107' title='bbox 904 2681 988 2768; x_wconf 85' lang='lat' dir='ltr'>suas</span> 
     </span>
     <span class='ocr_line' id='line_1_24' title="bbox 188 2794 988 2906; baseline 0.003 -30"><span class='ocrx_word' id='word_1_108' title='bbox 188 2795 413 2906; x_wconf 75' lang='lat' dir='ltr'>invulgatit</span> <span class='ocrx_word' id='word_1_109' title='bbox 442 2795 636 2889; x_wconf 66' lang='lat' dir='ltr'>historias,</span> <span class='ocrx_word' id='word_1_110' title='bbox 662 2794 763 2879; x_wconf 85' lang='lat' dir='ltr'>adeo</span> <span class='ocrx_word' id='word_1_111' title='bbox 796 2799 891 2881; x_wconf 83' lang='lat' dir='ltr'>boni</span> <span class='ocrx_word' id='word_1_112' title='bbox 923 2796 988 2878; x_wconf 86' lang='lat' dir='ltr'>hi·</span> 
     </span>
     <span class='ocr_line' id='line_1_25' title="bbox 122 2905 988 3019; baseline 0.009 -36"><span class='ocrx_word' id='word_1_113' title='bbox 122 2987 124 2994; x_wconf 74' lang='grc'>,</span> <span class='ocrx_word' id='word_1_114' title='bbox 188 2905 321 2990; x_wconf 86' lang='lat' dir='ltr'>storici</span> <span class='ocrx_word' id='word_1_115' title='bbox 351 2930 480 3018; x_wconf 82' lang='lat' dir='ltr'>partes</span> <span class='ocrx_word' id='word_1_116' title='bbox 507 2935 648 2992; x_wconf 88' lang='lat' dir='ltr'>omnes</span> <span class='ocrx_word' id='word_1_117' title='bbox 678 2909 837 3019; x_wconf 82' lang='lat' dir='ltr'>explere</span> <span class='ocrx_word' id='word_1_118' title='bbox 856 2912 988 2994; x_wconf 88' lang='lat' dir='ltr'>voluit</span> 
     </span>
     <span class='ocr_line' id='line_1_26' title="bbox 166 3013 984 3122; baseline 0.016 -28"><span class='ocrx_word' id='word_1_119' title='bbox 166 3013 269 3122; x_wconf 15' lang='lat' dir='ltr'>&#39;stne</span> <span class='ocrx_word' id='word_1_120' title='bbox 297 3019 554 3122; x_wconf 76' lang='lat' dir='ltr'>adsentatione</span> <span class='ocrx_word' id='word_1_121' title='bbox 593 3023 675 3110; x_wconf 80' lang='lat' dir='ltr'>stne</span> <span class='ocrx_word' id='word_1_122' title='bbox 704 3025 874 3120; x_wconf 70' lang='lat' dir='ltr'>affectu,</span> <span class='ocrx_word' id='word_1_123' title='bbox 907 3025 984 3108; x_wconf 86' lang='lat' dir='ltr'>fine</span> 
     </span>
     <span class='ocr_line' id='line_1_27' title="bbox 211 3135 989 3228; baseline 0.006 -5"><span class='ocrx_word' id='word_1_124' title='bbox 211 3135 216 3150; x_wconf 66' lang='lat'><strong><em>¹</em></strong></span> <span class='ocrx_word' id='word_1_125' title='bbox 676 3166 678 3171; x_wconf 57' lang='lat'><em>&#39;</em></span> <span class='ocrx_word' id='word_1_126' title='bbox 851 3138 989 3228; x_wconf 84' lang='lat' dir='ltr'>fraude</span> 
     </span>
    </p>
   </div>
   <div class='ocr_carea' id='block_1_2' title="bbox 0 0 1074 3578">
    <p class='ocr_par' dir='ltr' id='par_1_9' title="bbox 0 0 1074 3578">
     <span class='ocr_line' id='line_1_28' title="bbox 0 0 1074 3578; baseline 0 0"><span class='ocrx_word' id='word_1_127' title='bbox 0 0 1074 3578; x_wconf 95' lang='lat' dir='ltr'> </span> 
     </span>
    </p>
   </div>
  </div>
 </body>
</html>
