2164 3568
11 63 24 188 i

191 97 606 238 λ1ὶίῑς(),,ιικ;.,(Σιμωιτ.
629 147 797 244 Linum
867 159 952 258 ⁸35

100 332 264 417 rendum,
286 353 330 412 ne
348 331 606 426 oriendum
621 331 842 431 retegantur,
865 359 944 432 qur

101 435 277 506 contrariae
298 431 466 505 sententiae
489 429 640 522 faveant,
664 437 854 528 quibusque
880 459 944 510 no·

99 534 172 612 stru.
188 531 330 604 cadmei
355 530 439 604 Non
452 530 824 622 quidemexistinrarim.
868 533 947 627 ,Sed

101 633 299 724 detegantur
323 629 414 702 iicet.
462 627 543 702 Tibi
564 630 941 724 .enim,.N1eermunne,

101 751 173 803 noo
201 729 291 802 uliud
316 726 524 822 proposrtum
543 727 629 818 duit,
660 752 779 823 quem,
810 754 883 825 que
907 735 944 806 in

104 825 168 900 hac
199 849 243 898 re
259 826 417 902 uetiffima
439 825 525 912 unt,
555 829 756 920 inquirendo
777 835 942 922 reperire:

102 928 269 1016 nobisque
285 926 374 996 idem
390 927 528 998 animur.
578 925 651 1000 Sibi
664 928 810 1006 uindicet
825 926 943 1020 Hispo·
999 960 1003 968 ·

105 1028 181 1112 nia,
206 1025 229 1095 fi
252 1023 318 1098 ieta
339 1024 546 1110 concedunt,
571 1025 692 1100 charte
715 1025 810 1106 iineae
827 1028 944 1100 inven-

103 1125 231 1194 tionem
246 1145 258 1207 ;
276 1121 346 1197 -sed
366 1125 413 1198 ite
435 1123 605 1210 vindicet,
638 1147 682 1198 ut
693 1122 768 1218 jure
790 1123 944 1201 eamdem

103 1221 175 1292 fibi.
192 1219 364 1296 uindimise
389 1223 568 1309 videatur,
597 1223 735 1316 ipsoque
764 1227 943 1319 pronunci-

107 1340 185 1392 ante
202 1317 380 1412 aeqru'ffimo
394 1318 568 1413 Majmuo.
681 1371 683 1378 ·
934 1403 936 1408 ,

153 1417 213 1490 De
244 1419 368 1492 conciis
401 1440 482 1502 vero
504 1421 721 1494 remotiorum
748 1419 942 1497 seculorum

105 1516 296 1590 chartaceis.
315 1515 523 1592 documentis
538 1515 743 1610 Hispanitis,
767 1523 943 1612 aquibus,

104 1617 141 1686 in
165 1614 397 1712 eleganriffima
411 1599 649 1707 diidertutione,
673 1638 866 1712 argumenta
885 1620 943 1688 de·

104 1711 215 1786 sumsrt
243 1715 294 1785 vir
315 1716 480 1806 eximius,
513 1713 633 1790 nullius
657 1717 801 1806 penitius
813 1734 945 1804 ,perno-

104 1809 219 1886 scendi
243 1831 335 1882 tanto
358 1833 509 1884 tenemur
534 1811 720 1900 desiderio,
735 1831 783 1882 uc
809 1812 943 1886 uocabu-

106 1908 182 1983 irrr'r'
213 1906 368 1998 Silenstr,
402 1930 480 1986 anto
508 1929 630 1984 anuum
653 1910 827 1982 minimum
852 1931 945 2004 1090

108 2008 298 2100 conscripti.
347 2005 463 2100 (Obss
484 2029 519 2098 p.
541 2007 715 2102 49-54).
770 2005 852 2084 Non
873 2012 947 2100 qui·

108 2109 189 2179 dent
220 2106 422 2188 crederem,
453 2107 542 2178 istius
572 2107 771 2181 audoriutis
797 2107 945 2194 homini,

108 2207 241 2298 qualem
276 2203 473 2297 Majnniium
507 2203 726 2298 suspicimus,
759 2228 842 2308 rems
859 2210 945 2280 udeo

109 2303 276 2376 difficilem
301 2303 394 2388 sote,
417 2302 490 2374 solii
513 2303 637 2380 exilio
664 2307 785 2378 codice
801 2301 856 2376 vel
871 2325 945 2397 pur·

110 2403 248 2474 ticulum
264 2403 471 2498 impetrpndi.
496 2402 542 2472 At
558 2401 696 2489 scimus,
714 2423 814 2496 quarn
828 2401 944 2484 hurum

110 2503 322 2592 reliquiaru-
344 2499 531 2570 tenaciiiimi
556 2499 634 2586 int,
659 2522 759 2591 quarn
776 2502 811 2570 in
828 2500 944 2572 iisdem

112 2599 244 2670 tuendis
268 2598 513 2690 propemodum
536 2596 770 2688 superstition,
799 2601 858 2688 qui
882 2596 948 2678 iliis

110 2699 211 2794 digne
243 2696 366 2787 perfrui
388 2697 548 2767 'omnium
578 2698 714 2768 minime
745 2696 945 2788 intelligunt.

109 2793 212 2882 Haec‚
237 2793 399 2887 suspicor,
428 2794 606 2866 Valentino
619 2791 718 2880 Tuo,
738 2813 816 2864 uere
833 2793 945 2872 Gene-

114 2895 207 2982 τοῖο,
240 2896 481 2986 impedimento
507 2889 616 2980 iride,
640 2891 839 2986 quominus
861 2913 942 2976 voto

884 2992 944 3072 suo
1003 3039 1008 3052 ·
