2138 3570
232 181 300 255 Du
325 181 448 252 Ouio.
475 177 645 252 Cunttr.
669 177 834 253 Lrnum.
922 205 976 280 45

137 373 211 436 euin
224 361 282 433 ient
297 360 406 432 dudum
421 358 664 432 intellexerimus
680 353 745 439 &a
765 357 843 433 inde
859 382 971 439 tamen

138 463 284 536 nondum
307 465 417 531 evinci
440 457 562 552 posse,
587 455 792 548 Episcopum
814 461 872 531 hus
897 463 971 536 lite·

86 633 89 644 ,
137 583 191 632 ras
222 561 310 630 brevi
342 580 419 630 ante
452 553 597 628 mortem
624 557 782 643 edidisse,
812 565 971 650 quoniam

136 657 236 730 facile
268 660 368 728 huius
394 659 444 724 rai
468 655 602 750 vestigia
625 657 774 746 quedam
795 659 904 750 (certe
930 685 973 734 ex.

136 749 304 848 opinione
330 756 385 826 Cl.
411 754 582 836 Redoris‚
615 756 671 842 qui
695 755 739 822 ob
761 758 971 845 probabilem

135 857 308 925 rationem
323 855 509 934 arbitratur,
538 849 740 942 Episcopum
755 875 849 944 aeque
863 860 975 930 minus

137 972 246 1042 atque
261 950 344 1022 alios
358 953 471 1020 mortis
487 969 615 1039 tempus
621 950 803 1038 praesentire
811 956 973 1050 potuisse)

135 1053 349 1140 adparerent.
376 1049 535 1118 Ceterum
561 1047 601 1116 de
625 1067 720 1117 aetate
741 1050 974 1136 huius-chartae

136 1151 264 1219 certius
285 1149 419 1218 iudicari
443 1145 559 1238 posse,
593 1143 615 1212 fi
638 1144 800 1234 liquidum
818 1149 914 1236 esset,
939 1157 974 1225 in

137 1269 179 1316 ea
198 1265 416 1316 memoratum
433 1243 643 1333 Praepositum
662 1241 694 1312 R
715 1243 974 1336 deHyrnlraiuA.

136 1367 318 1415 crocccvu.
346 1345 433 1412 diem
446 1341 566 1426 pbiilse
590 1339 797 1432 supremum,
820 1347 869 1415 uti
892 1350 976 1422 illud

138 1445 402 1514 Biedermnnnus
426 1443 459 1510 in
483 1439 620 1509 Tabulis
644 1439 881 1538 Genealogicis
908 1449 974 1520 Or-

141 1543 229 1612 dinis
252 1539 419 1630 Equestris
442 1539 640 1610 Franconici
665 1541 706 1608 ad
729 1539 909 1614 Almonem
932 1547 975 1616 de

142 1642 281 1710 homine
298 1639 457 1710 'eiusdem
484 1639 628 1707 nominis
653 1657 752 1728 atque
777 1639 977 1716 conditionis

137 1738 273 1809 reserat.

194 1835 338 1929 Quando
355 1833 390 1906 dt
406 1835 504 1904 nobis
519 1833 616 1916 licet,
650 1833 788 1904 nostrum
805 1835 975 1914 haedere

148 1935 336 2006 sententiam
362 1934 531 2024 proferre,
557 1931 685 2022 liquido
700 1939 975 2029 pronunciamus,

144 2055 210 2105 nos
234 2037 431 2128 argumentis
459 2031 514 2102 Cl.
535 2029 695 2124 Longolii
712 2029 754 2102 de
769 2055 862 2106 atate
879 2037 976 2111 huius

141 2131 334 2224 diplomatis
362 2132 459 2220 plane
482 2132 636 2201 convinci
652 2151 718 2199 non
738 2135 886 2222 potuisse.
938 2139 974 2208 Si

143 2230 258 2328 postea
299 2229 383 2300 nulli
420 2228 611 2322 Atrgtrstenst
648 2227 820 2322 Episcopo
851 2256 978 2308 nomen

142 2329 228 2400 illud
252 2325 404 2399 Fridere'ci
427 2328 549 2413 suisset,
575 2347 674 2418 quarn
697 2326 762 2413 illi,
787 2336 844 2421 qui
867 2335 909 2404 ab
932 2337 976 2406 Α,

142 2447 324 2499 crocecvrr.
350 2430 514 2518 usquead
535 2444 586 2496 an.
611 2447 808 2500 crocccnxx.
827 2436 978 2526 regimen

144 2525 327 2611 habuerit,
369 2527 475 2596 minus
508 2527 731 2596 dubitaremus
760 2527 806 2598 D.
840 2527 978 2602 Reiiori

147 2624 321 2696 adsentiri:
346 2622 420 2710 sed,
455 2647 531 2694 curn
555 2624 669 2693 itidem
685 2624 727 2692 A.
752 2625 976 2703 crocc‘ccxnu.

144 2719 386 2818 Augustensem
414 2717 618 2814 Episcopum
642 2721 740 2789 'fimili
763 2726 898 2794 nomine
920 2731 978 2799 ad.

144 2819 310 2914 pellaeum
336 2823 557 2902 inveniamus,
582 2819 747 2888 credimus
772 2817 827 2888 Cl.
852 2821 978 2895 Reno-

138 2916 218 2990 re'm
251 2937 318 3007 prae
349 2921 464 3010 primis
492 2918 589 2989 certis
613 2918 812 3002 argrrmentis
835 2925 978 3012 probare

140 3014 328 3104 debuisse,
347 3040 410 3107 qua
433 3016 475 3088 de
499 3012 600 3098 cnuss'a
623 3010 705 3081 illud
729 3011 889 3107 Diplome
910 3039 979 3086 ma·
