2140 3578
249 173 299 260 ‘46
380 155 958 234 DEARAVBIORUM.
1048 249 1049 266 Ν

251 293 422 391 &otiaque
439 292 494 364 uti
508 289 656 377 vellent,
679 309 722 363 ut
744 317 891 389 poenas
908 295 1013 395 paline
1048 313 1049 346 ³

250 393 290 484 ab
313 390 447 487 Segeste
466 385 707 486 reposcerent,
734 392 855 488 eique
879 399 1010 493 agrmad
1048 409 1049 488 p

248 488 372 562 Rheni
390 490 495 589 ripam
513 485 725 577 adimerent,
751 509 874 586 quem
893 491 1014 589 prorni-
1048 491 1049 576 l

248 585 279 658 sn
295 592 437 682 patema
447 582 580 654 ditione
595 582 828 657 redditurum
857 587 924 661 fibi
940 587 1016 661 Caeli·
1048 639 1049 660 1

250 706 345 774 rem,
368 681 536 752 amicitiae
560 679 787 774 praemium,
818 683 866 757 in
894 683 966 783 spem
980 710 1019 754 vc.

249 783 354 852 nisset.
401 776 464 848 Sed
489 796 598 871 neque
621 777 691 846 hoc
715 773 867 852 affatim
896 780 1020 855 vindiciae

249 879 337 958 effe,
369 871 431 946 nisi
454 872 491 944 ὃ(
510 871 602 944 filius
619 874 655 943 in
672 893 901 969 perpetuum
918 901 1021 952 exuatur

248 972 458 1062 sacerdotio,
485 992 554 1064 quo
571 967 657 1059 ille,
683 968 832 1044 desertis
861 976 1019 1049 VbiiaRo·

250 1091 430 1144 manorum
448 1067 568 1159 sociis,
590 1063 783 1160 sequidem
794 1074 1019 1173 amorepao'rc

249 1167 366 1242 lubens
391 1167 575 1260 volensque
589 1187 699 1332 nuper
712 1164 936 1258 abdicaffet3
955 1194 1018 1244 nuc

248 1289 360 1356 vero,
396 1261 602 1358 perduellem
646 1258 798 1354 aetum,
825 1288 1019 1365 recuperata.

247 1357 546 1441 rumconfideret,
571 1357 754 1454 postquam
763 1383 854 1433 eum
866 1385 1018 1458 patercum

246 1459 365 1554 legatis
394 1456 435 1526 ad
471 1453 643 1526 Caesarem
669 1452 852 1551 mifilsct,
886 1463 1017 1535 Romano
1048 1517 1049 1520 ,

246 1579 327 1630 cum
348 1551 512 1652 praesidio
536 1552 573 1624 in
591 1549 764 1624 Gallicam
789 1555 914 1630 Rheni
926 1559 1013 1654 ripam
1048 1559 1049 1592 ³

245 1655 523 1727 conducendum.
555 1649 706 1722 Blcnnus
726 1647 795 1738 lit,
822 1656 887 1726 cui
903 1655 1011 1753 quidem

244 1753 298 1832 his
313 1775 357 1824 ex
373 1750 483 1824 verbis
492 1764 632 1843 totaque
640 1746 797 1820 oratione
806 1750 1011 1826 Arminium

245 1850 307 1924 fiat
331 1847 570 1945 perspicuum,
595 1843 769 1916 Vbiorum
794 1871 894 1922 aram
918 1873 1014 1949 nequa.

245 1971 347 2046 quam
364 1946 400 2018 in
418 1942 549 2018 Gallia:
576 1965 646 2013 non
662 1941 829 2031 Bonnae3
858 1945 914 2019 fed
930 1947 1013 2021 inad-

242 2041 332 2116 versa
350 2040 556 2136 Germanica
573 2039 724 2112 fluminis
739 2036 1016 2136 ripafitamluille.

243 2141 349 2216 Secus
371 2138 464 2208 enim
492 2138 553 2232 qui
578 2138 665 2209 ratio
696 2137 839 2212 constet
855 2142 1013 2212 Arminio?

242 2237 300 2338 qui
325 2235 361 2308 in
377 2251 468 2332 parte
485 2233 621 2307 futurae
640 2232 843 2309 calamitatis
857 2236 952 2309 soceri
966 2260 1014 2308 re·

241 2352 343 2436 putet
381 2332 645 2430 abrogandum,
685 2349 761 2403 nec
784 2334 1013 2407 restituendum

242 2435 328 2510 olim
353 2429 565 2528 Segimundo
584 2427 711 2503 infulae
727 2428 901 2504 honorem
916 2431 1015 2531 digni·
1048 2439 1049 2450 ’

242 2549 449 2628 ratemque3
483 2525 545 2600 ni‘fi
573 2535 677 2600 Aram
709 2529 745 2600 in
773 2526 1012 2605 Germanomm

240 2625 415 2704 adversum
459 2624 639 2698 Romanos
663 2627 699 2696 in
731 2622 874 2702 foedera
903 2634 1013 2701 coiun-

241 2729 329 2804 tium
347 2722 516 2824 potestate
535 2747 574 2796 ac
596 2722 728 2794 ditione
743 2719 809 2793 elle
828 2779 840 2813 ‚
873 2745 925 2799 aut
938 2748 1009 2795 vero
1048 2723 1049 2810 l

240 2827 398 2922 proxime
421 2825 572 2896 futuram
599 2817 777 2892 censuiffet
807 2819 901 2893 bello
931 2819 1013 2917 quod
1048 2815 1049 2860 l

238 2923 449 2993 moliebatur
471 2921 620 2990 iterum:
645 2914 708 2989 nifi
726 2915 810 2988 adeo
828 2919 920 3012 apud
936 2921 1008 2992 citc-

238 3012 364 3086 riorem
385 3012 572 3100 Rhenum,
598 3013 635 3090 in
657 3011 793 3111 agro'ab
813 3013 1007 3106 Vbiisdeser·

237 3152 241 3166 ·
957 3127 1013 3202 to,
