2146 3564
6 44 13 134 i

5 151 9 310 i

160 192 230 298 78
300 198 900 288 ousae-amoma.

160 375 314 460 tissimus,
340 374 382 446 ad
398 397 452 449 me
467 378 549 450 mifit
564 401 708 470 quatuor
723 388 902 476 particulas
917 385 1011 465 anti-

158 495 296 569 quarum
318 475 523 563 chartarum,
549 501 621 570 quae
639 487 809 555 memoriae
828 489 933 558 eauiia
949 495 1008 562 in-

157 575 249 646 sertae
264 592 357 644 erant
371 576 508 665 antiquo
526 577 611 648 libro
629 579 844 654 Canceilariae
860 587 1000 660 Aifonfr

156 693 203 747 ιν.
227 669 335 768 Regis
349 673 562 768 Aragorrum,
580 699 654 766 quae
670 677 783 752 foliola
800 683 1002 781 praelonga,

155 771 192 848 δι
208 769 371 856 volantia,
396 775 565 843 nominare
583 775 723 849 solemus
740 777 869 874 regesta.

203 867 350 940 Primum
375 871 475 964 igitur
498 873 660 967 regestum
679 878 724 948 est
742 879 842 967 illud,
869 884 900 954 in
921 903 1000 977 quo

152 969 226 1042 haec
257 968 422 1064 leguntur.
471 969 534 1040 iae
556 969 655 1060 fache
688 996 813 1070 empore
838 980 901 1072 (id
926 986 999 1071 est,
1067 977 1068 982 ’

154 1065 323 1164 poiseffio)
339 1089 376 1136 en
393 1065 435 1136 ios
447 1065 590 1140 derechos
607 1095 662 1164 que
670 1069 730 1170 fian
748 1072 871 1150 deaiios
886 1103 906 1149 a
920 1081 998 1155 Dora

156 1167 272 1241 Ximea
291 1163 390 1236 Perez
407 1165 443 1235 de
461 1165 543 1236 Pina
562 1191 598 1238 en
615 1171 646 1238 el
660 1175 824 1266 monedoge
842 1199 877 1247 en
893 1202 994 1271 quan·

154 1267 204 1340 tia
230 1265 267 1360 da
294 1265 463 1356 puinientos
478 1261 604 1357 sueldos
628 1291 648 1336 a
672 1269 826 1364 instancia
849 1275 884 1347 de
914 1277 995 1371 Elfa

154 1362 265 1440 muller
279 1385 333 1455 qao
340 1358 403 1449 fua
418 1361 455 1431 de
470 1362 579 1450 Johan
597 1367 725 1438 cavalio
741 1389 843 1443 maris
857 1373 900 1446 X.
921 1377 996 1464 dior

152 1449 285 1538 carrada
310 1459 440 1529 dalmas
463 1459 585 1532 d'abrii.
639 1465 749 1540 Verba
766 1469 841 1554 illa,
867 1471 992 1567 quesere

152 1559 293 1644 dividar,
320 1557 441 1645 idest,
467 1581 532 1650 quae
555 1561 721 1653 debemur,
748 1567 888 1658 praesens
907 1594 992 1644 tem·

152 1681 217 1754 pus
246 1655 417 1742 indicant,
459 1655 493 1729 &
519 1660 704 1732 referuntur
729 1667 770 1736 ad
794 1665 990 1742 Eximiouor

153 1757 244 1830 Petri
267 1758 308 1827 de
333 1753 433 1841 Pina,
460 1755 554 1848 cujus
578 1757 613 1828 fir
638 1768 764 1834 nrerrtio
787 1767 820 1835 in
841 1767 993 1862 Registro

152 1856 364 1928 Donationum
395 1853 575 1943 Valentio,
614 1855 653 1929 'u't
685 1864 797 1934 videre
830 1867 876 1935 est
900 1870 991 1958 apud

151 1945 407 2026 Emmanuelem
432 1951 619 2026 Marianum
646 1957 802 2032 Riberam
823 1966 855 2032 in
877 1963 989 2035 Contu*

151 2053 203 2123 ria
223 2051 328 2142 p'rr'ma
347 2047 461 2138 Regii,
489 2046 531 2128 ἐξ
546 2052 696 2124 militaris
711 2055 847 2148 iristituii
865 2062 990 2153 inclytae

149 2144 327 2237 Religionis
347 2143 490 2214 Domino
512 2143 620 2237 nrrstrae
636 2150 672 2218 da
689 2153 837 2226 Mercede
852 2155 988 2230 Redem-

153 2247 249 2320 iionir
273 2240 471 2336 Captivorum
496 2242 763 2338 Christianorum,
792 2269 871 2345 pag,
900 2263 986 2331 166,

151 2343 364 2420 Donationes
394 2361 505 2412 autem
536 2342 601 2413 illae
627 2343 753 2438 scriptae
776 2352 809 2420 in
836 2351 987 2444 ejusdem

153 2445 284 2542 generis
316 2440 454 2525 charta,
496 2437 529 2513 ἃ
554 2443 722 2517 custoditae
744 2451 777 2518 in
801 2449 987 2526 Tabulario

150 2543 264 2638 Regio
276 2539 529 2625 Barcinonensi,
544 2541 706 2632 incipiunt
722 2549 986 2644 abann012380

150 2642 268 2715 Postea
291 2635 466 2709 Eximirrus
488 2637 575 2710 Petri
596 2643 638 2710 de
656 2640 736 2714 Pina
755 2645 888 2719 deeeffit
904 2649 985 2721 Mo

150 2741 255 2812 xentii
274 2740 308 2807 irr
324 2734 447 2832 Regno
463 2735 645 2829 Valentia,
670 2742 766 2834 cujus
783 2768 872 2818 mors
887 2747 984 2820 valde

150 2837 320 2928 displicuit
339 2833 469 2928 Jacobo
494 2837 518 2906 l.
546 2860 774 2934 cognomento
800 2843 982 2941 Expugna-

151 2937 244 3019 ton',
277 2937 324 3005 uti
346 2931 447 3003 refert
468 2935 594 3008 nobilis
616 2937 742 3011 Febrer
766 2945 799 3013 in
821 2945 982 3036 praeclaro

144 3053 252 3126 opere
267 3031 512 3127 Genealogico.
558 3034 675 3130 Iraque
693 3040 867 3116 observare
883 3062 981 3155 pore·

171 3185 177 3194 .
912 3162 975 3232 ris,
