2138 3570
237 175 820 286 rensuum·
916 195 953 293 2

97 383 218 458 charta
235 382 296 456 vel
314 381 417 476 plane
438 402 483 454 ex
498 380 597 454 lineo
615 377 684 453 ene
703 400 834 478 genere
843 410 865 474 ,¹
881 379 942 462 vel

102 497 200 552 certe
227 501 271 552 ex
296 479 372 553 lino
395 477 628 576 goffypioque
653 477 762 552 mixta
784 477 947 574 species,

105 577 211 669 qualis
239 576 395 665 dualia,
431 574 473 649 ab
503 575 629 650 eodem
654 575 947 673 Senekenbergio,

98 690 181 748 ante
205 673 412 761 transmiffa,
441 675 523 748 anni
553 675 663 768 1308.
688 673 761 747 vid.
782 688 860 770 pag.
878 696 945 770 34„

94 770 129 844 h.
155 768 258 866 opusc.
306 771 479 846 Aetatem
507 771 638 844 codicis
663 769 790 866 Speculi
814 771 943 846 Saeviet

95 869 195 940 retie
221 866 437 944 censuerunt
459 868 529 944 viri
553 867 812 943 Generosrffinri
833 869 876 942 ad
896 865 937 940 fi-

97 985 184 1040 nem
204 962 272 1040 sec.
296 987 386 1040 x111.
411 967 472 1039 vel
492 963 667 1060 sequentis
685 965 826 1038 initium
845 965 939 1038 refe-

97 1062 279 1152 rendam3
316 1087 427 1156 quum
457 1077 577 1137 tamen
604 1061 661 1134 illa
688 1084 733 1134 ex
757 1063 942 1138 literarum

96 1157 206 1234 dutiu
224 1161 316 1238 intra
333 1183 395 1236 xx.
414 1161 475 1235 vel
492 1183 579 1233 xxx.
597 1181 773 1234 annorum
790 1157 939 1253 spatium
957 1229 965 1238 .

94 1273 198 1332 certo
229 1255 369 1333 definiri
395 1273 567 1352 nequeat,
598 1280 678 1354 earn
705 1254 858 1332 chartam
879 1279 939 1350 pa-

94 1378 176 1525 {amm
205 1353 403 1527 {memmi
425 1355 565 1431 nostrae
587 1355 677 1430 lucis
699 1353 850 1446 afferre,
879 1376 937 1448 pa·

114 1525 116 1527 ,
185 1477 205 1526 e
241 1510 250 1529 .

147 1552 181 1625 A
203 1553 248 1625 cl.
270 1553 506 1651 Wargentino
525 1553 563 1626 in
583 1557 685 1627 literis
699 1541 769 1625 dar.
790 1549 941 1624 Halmiae

100 1645 149 1722 D.
183 1672 220 1723 x.
247 1647 338 1750 Jun.
370 1655 479 1744 1763.
508 1648 592 1724 iilud
618 1663 757 1724 tantum
783 1645 939 1742 respond

96 1746 180 1820 tulit
203 1747 355 1822 nobiliff.
375 1747 652 1839 Meennannus,
681 1745 939 1820 Adnunirionem

93 1845 131 1922 de
159 1843 271 1918 charta
292 1850 399 1934 linea,
430 1844 581 1928 Suecico
604 1845 770 1916 idiomate
794 1844 935 1918 transla-

96 1955 191 2030 tam,
219 1942 377 2036 plurimis
405 1939 571 2032 insertam
589 1939 690 2016 fuisse
710 1941 845 2040 diariis3
874 1942 939 2018 vix

98 2038 283 2134 quidquam
318 2052 437 2112 tamen
466 2038 601 2112 subfidii
627 2039 709 2112 inde
739 2035 942 2136 exspediana.

95 2136 204 2228 dum,
233 2136 330 2230 quod
347 2136 437 2216 nulli
452 2135 531 2209 fere
548 2160 593 2210 eo
610 2136 648 2209 in
667 2157 777 2234 regno
796 2136 937 2218 codices

91 2234 317 2327 reperiantur
348 2233 551 2324 chartacei,
595 2233 703 2312 trium
733 2231 941 2316 sectdorum.
1058 2301 1059 2310 ,

92 2345 247 2418 aetatem
265 2330 487 2416 excedentes,

141 2428 227 2502 Hoc
247 2442 385 2502 tanttnn
400 2451 513 2502 unum
532 2427 660 2519 restat,
683 2441 727 2506 ut
741 2429 825 2506 viris
842 2427 936 2502 Eru-

93 2524 281 2616 ditiffimis,
309 2526 369 2619 qui
395 2525 618 2601 Admonitione
638 2525 685 2606 ill.
712 2523 938 2612 Meermanni
1058 2539 1059 2554 ¹

93 2623 236 2702 excitati
255 2623 338 2696 huic
356 2643 564 2722 argumente
580 2621 783 2698 illustrando
797 2623 934 2720 synrb0-
1058 2653 1059 2694 1

92 2723 162 2794 lam
183 2721 437 2811 contulerunt,
466 2721 586 2802 verbis
608 2721 677 2794 viri
700 2721 837 2804 illustris
855 2746 931 2797 me.

93 2818 179 2892 ritas
199 2818 319 2914 gratias
335 2815 554 2910 persolvam,
579 2840 661 2914 quas
680 2815 840 2929 singulis,
866 2844 934 2914 pro

93 2914 154 2988 sua
183 2917 307 3008 cuique
334 2916 575 3010 humanitate,
597 2938 767 2993 maximas
787 2915 933 3012 profite—

92 3027 154 3086 tur
174 3026 279 3110 atque
294 3014 521 3155 immortales.
874 3103 919 3178 L·
1058 3065 1059 3122 ἰ

479 3136 553 3206 ,4
909 3129 935 3176 ¹·
1058 3147 1059 3190 ³
