2140 3578
208 201 255 278 Ἃ
341 167 904 264 nuvannvmonuru.

206 308 246 394 in
267 294 521 387 Germanica?(
546 319 570 369 a
590 297 702 394 Druso
726 301 939 372 Germanico
954 298 1004 394 jnr

206 397 344 496 pridem
367 395 439 467 hoc
462 394 584 468 elatam
613 391 793 482 confilio,
821 415 873 468 ut
900 399 1001 491 maim

248 517 369 568 uarum
396 491 512 564 Rheni
535 492 638 590 copia
666 515 728 588 per
745 491 934 566 dextrum
957 493 1008 588 eju

239 615 367 686 veum,
389 586 568 662 extensum
587 610 693 686 usque
710 612 730 659 a
748 591 882 685 primo
891 587 1011 684 ejusdi·

56 705 58 714 ’
206 690 325 770 nortio
342 685 384 760 ad
402 685 522 757 locum
539 707 633 756 nunc
650 684 778 781 filaort
796 687 1010 769 didiumex·

207 787 349 882 inparte
359 781 539 892 'aliquaJJer
549 779 667 854 foliam
677 784 713 854 in
726 781 855 856 lsalam
868 839 881 874 ‚
894 784 966 853 hinc
976 780 1011 850 iu

208 883 393 966 Oceanum
407 883 577 970 deunana,
603 874 854 975 impositisque
867 874 1009 953 triremi·

207 981 296 1071 bus,
319 972 502 1065 Brudleros
512 993 644 1070 peteret
655 984 688 1048 δι
700 975 890 1049 Chaucos.
904 972 1006 1072 Qric·

208 1076 294 1176 quid
316 1075 389 1173 ejus
416 1069 490 1159 srt3
517 1067 670 1170 diffipata
699 1071 794 1144 mole
824 1072 911 1159 illa,
934 1091 1005 1166 quae

208 1171 438 1256 morabatur,
468 1168 604 1242 videtur
645 1167 776 1240 ibidem
819 1193 842 1242 e
886 1163 1005 1242 diverln

211 1269 317 1374 (nam
339 1267 399 1367 qui
426 1281 562 1362 poterat
579 1263 720 1349 secus?)
744 1265 911 1364 injeciffe
927 1262 1005 1336 obli·

211 1390 314 1466 quam
333 1361 461 1436 molem
479 1363 516 1435 in
532 1361 677 1436 alterum
691 1362 819 1436 Rheni
829 1381 962 1436 amnem
970 1356 1004 1429 ed

195 1460 432 1560 aquilonem,
458 1459 544 1532 olim
561 1458 598 1532 ὃ(
615 1477 693 1532 tum
710 1483 861 1558 quoque
877 1463 913 1533 in
923 1455 1004 1528 Ger-

101 1559 103 1568 ’
136 1637 138 1643 .
210 1559 357 1634 maniam
368 1555 594 1642 influentem
614 1557 908 1654 quemadmodum
916 1552 996 1626 idem

177 1681 179 1686 ’
212 1653 342 1728 Civilis
366 1677 444 1728 ante
461 1677 633 1750 nuperum
649 1653 827 1752 proelium
847 1655 886 1728 ad
900 1656 994 1722 Vete-

119 1811 121 1816 .
211 1752 412 1840 refecerat,
436 1751 599 1826 Hist.lV.
614 1771 667 1844 ¹4
693 1749 843 1824 Dehinc
862 1743 1000 1849 pertudit

212 1851 309 1922 ultro
336 1851 428 1922 citro
454 1845 619 1920 adversam
645 1847 782 1922 Vahalis
808 1850 950 1946 ripam,
972 1843 1002 1914 in

78 1993 80 1998 ·
213 1944 366 2018 Galliam
392 1943 641 2019 effundendae:
668 1945 734 2020 ubi,
760 1945 1001 2020 inchoatuma
1049 2015 1050 2024 χ

212 2041 333 2124 Druso
349 2063 536 2138 aggerem,
554 2044 752 2114 coercendo
765 2042 1004 2135 Rheno,ante
1047 2089 1049 2107 2

211 2135 386 2224 Paullinus
418 2136 605 2236 Pompejus
628 2140 851 2231 absolverat,
883 2132 1002 2210 Annal.

211 2238 298 2313 xur.
316 2252 375 2331 53.
410 2231 491 2306 Hac
511 2255 583 2308 arte
601 2235 676 2308 usus
694 2236 831 2330 Civilis,
849 2236 1001 2308 dextrum

210 2329 335 2406 Rheni
360 2354 474 2404 cornu
500 2333 606 2406 vertit
631 2333 668 2406 in
694 2332 888 2406 linistrum:
915 2331 1005 2404 futu·

209 2451 319 2515 rum,
350 2447 444 2504 extra
469 2431 578 2528 ripam
605 2429 642 2502 in
668 2427 836 2504 desertam
855 2455 874 2503 a
890 2429 948 2524 se,
973 2443 1006 2496 ut

210 2525 393 2616 diximus,
420 2525 555 2601 Galliae
579 2549 674 2600 oram
698 2527 920 2602 diffluentem
941 2523 1006 2619 ,ἃ

210 2624 342 2721 majore
367 2623 469 2696 viae
494 2625 586 2699 mole
611 2643 771 2722 agentem
791 2624 924 2712 undas,
950 2618 1008 2694 fibi

210 2716 379 2819 sociisque
401 2714 597 2818 praefidio:
631 2739 729 2794 tanto
755 2723 893 2821 magis,
915 2714 1005 2818 quod
1045 2683 1047 2809 l

208 2811 392 2901 Romanis,
416 2818 453 2890 in
477 2819 730 2914 Gugernorum
752 2820 935 2895 territorio
951 2815 1007 2889 sta·

209 2911 592 3008 bulantibus‚.deeffant
617 2939 713 2986 naves
738 2914 1007 3008 efficiendopontr‘.

210 2999 271 3083 Sic
297 3011 385 3106 velut
405 3010 522 3104 abacia
543 3033 642 3089 amne
658 3012 768 3098 altero
782 3012 825 3088 ad
842 3011 1008 3181 boream,

215 3157 252 3197 ll.
510 3121 515 3132 .
609 3168 614 3187 ι
942 3197 949 3204 ι
976 3130 1009 3200 ²⁸.
