2140 3578
235 177 740 272 PRAEFATIO.
802 149 808 155 ’

85 345 358 452 ηιιηορεάεεη
384 341 511 444 refero
533 345 573 427 in
592 347 711 440 viam.
743 343 797 428 Et
821 373 898 428 no-¹
944 414 946 418 .

86 461 164 540 ssot
190 455 404 541 Cornelius
430 456 617 568 quidem,
648 483 739 542 utut
772 459 896 556 libro,
979 535 984 564 4

86 593 212 680 quern
239 576 291 656 de
313 572 386 656 srtu
411 581 451 656 ὃ(
474 575 651 656 moribus
674 578 897 658 Germano·

87 712 194 772 rum
210 687 466 800 conscripsit,
493 686 693 799 Vbiorum
728 691 897 774 mentio·

6 886 10 895 ,
71 829 198 887 bem
216 803 368 914 injiciat
394 820 512 913 atque
537 804 657 886 eriam
678 827 897 892 ceterarum

88 917 420 1004 Germanicarum
452 919 635 1027 gentium
656 917 896 1016 sacerdotes,
1027 912 1029 915 ’

89 1032 266 1144 templa,
293 1032 424 1129 lucos,
453 1059 615 1116 nemora
648 1030 900 1145 perstringat·

92 1154 240 1236 horum
270 1167 407 1232 famen
430 1149 629 1259 genticam
659 1145 897 1257 superstitio·

91 1288 186 1352 nem
209 1261 365 1350 filenrio
391 1261 620 1347 transmifit:
648 1262 900 1352 satishabens

92 1377 311 1468 nominaffe
330 1391 434 1490 q'uos
453 1377 784 1487 pleriqueonmes
795 1377 898 1460 Ger
982 1465 984 1472 ,

93 1498 203 1581 marri
235 1497 384 1577 duxere
400 1490 579 1576 Deorum
600 1521 781 1576 numero.
810 1489 898 1576 Ne·

92 1637 175 1720 que
188 1611 281 1698 alibi
300 1607 458 1694 fortaffe
478 1607 683 1692 scribendo
700 1608 906 1694 Vbiorum⁴
963 1673 965 1682 ,

62 1781 64 1788 ,
93 1722 280 1836 attigiffet
306 1751 438 1818 aram;
468 1723 539 1810 nisi
566 1750 589 1804 e
616 1751 656 1806 re
691 1747 777 1806 tum
796 1721 903 1834 gesta
957 1798 959 1802 .

95 1837 254 1936 fuiffet,
280 1861 341 1920 uti
331 1839 488 1922 locum
503 1837 677 1960 aliquem
699 1840 766 1920 sua
795 1863 897 1920 aeta·

97 1977 141 2038 te
160 1954 239 2038 hoc
271 1954 434 2036 nomine
464 1944 642 2049 clarum
639 1957 899 2062 exprimeret,

96 2091 218 2181 atque
234 2066 444 2154 sacerdotis
464 2066 570 2178 apud
593 2095 680 2151 eam
694 2070 733 2150 in
746 2067 899 2150 Roma·
906 2148 911 2159 ,

97 2211 195 2268 num
225 2181 432 2296 perfidiam
466 2205 638 2265 notaret
693 2175 829 2314 Igitur·
846 2179 900 2266 sa·

2 2391 7 2399 ,
49 2311 53 2318 ’
100 2300 291 2408 piendum
323 2325 408 2385 uno
425 2322 475 2380 ex
494 2325 627 2409 primo
646 2298 829 2382 annali
797 2324 898 2406 ejus
946 2303 949 2308 ’

100 2415 165 2495 cui
188 2416 351 2526 quidem
368 2412 565 2522 ejusmodi
585 2411 776 2521 impressit
791 2430 899 2494 vete-

103 2528 155 2610 ris
186 2545 281 2616 aevi
314 2550 428 2610 notas
445 2555 489 2610 ac
511 2526 696 2642 vestigia,
729 2525 899 2610 undem

1 2698 4 2707 ·
100 2663 189 2726 utra
221 2643 359 2730 Rheni
393 2645 477 2752 ripa
507 2643 603 2728 haec
626 2669 690 2726 ara
711 2641 897 2735 condita,

101 2781 189 2841 tom
219 2765 282 2842 coi
310 2767 348 2842 &
374 2783 460 2872 quo
478 2776 658 2867 tempore
684 2756 812 2840 dicata
833 2752 900 2850 fir,
940 2859 942 2862 Ι

102 2873 312 2984 colligiae
343 2869 588 2983 deprehendi
609 2870 759 2984 potest,
784 2869 900 2952 dum-

101 2987 258 3084 m0d0,
296 2986 395 3072 sui
386 3009 619 3157 ιηᾝῑθε,
655 3013 737 3069 non
763 2985 902 3095 supine
