2152 3566
107 243 156 322 86
246 231 814 316 Oeennvnrronc's

112 421 180 516 ipse
203 417 331 490 videres
347 443 363 508 ,Q
390 414 526 506 minime
550 414 692 502 dubito,
724 405 828 506 qnin,
865 436 940 509 qun

112 522 185 594 Tua
209 517 350 588 sollertia
375 503 450 603 eh,-
470 515 566 608 piane
592 514 813 606 perspiceres,
846 513 943 606 cujus

112 621 254 692 materie
279 616 338 687 fint
360 617 479 686 chnrtae
502 613 566 686 illae
590 614 736 684 vitulinis
750 615 939 704 permixtae,

113 739 192 790 num
213 705 410 812 gossypinae‚
433 735 474 784 nn
500 711 620 798 lineae,
638 735 679 782 nn
704 731 784 784 vero
800 711 940 800 bomby-

114 819 208 890 cinae.
245 811 347 886 Nunc
367 832 476 884 autem
492 814 588 882 nobis
604 810 790 882 absentibus
807 807 938 900 conjec-

115 918 196 987 turis
217 911 382 1008 agendum
407 910 488 981 eiij,
512 911 636 982 Charta
660 908 715 983 illa
739 908 857 986 dicitur
878 905 939 975 eise

115 1011 233 1097 cresin,
265 1009 330 1080 five
352 1007 569 1101 corpulenta:
601 1029 669 1080 non
691 1009 790 1102 igitur
811 1005 942 1077 viderur

116 1111 178 1182 eise
194 1109 414 1201 bombycina,
438 1130 510 1200 quae
526 1106 607 1178 solet
621 1105 681 1176 esse
699 1108 806 1176 minus
821 1123 943 1195 corpo·

96 1229 195 1300 rata.
243 1205 301 1282 Est
325 1209 423 1278 etiam
446 1209 531 1286 bene
554 1204 707 1289 contusa,
732 1203 824 1294 quod
839 1201 944 1296 magis

117 1308 274 1380 convenit
303 1303 435 1374 Chartae
466 1303 587 1390 lineae,
623 1301 723 1393 quhm
749 1299 943 1396 gossypinae,

118 1429 192 1498 quae
219 1403 457 1474 contundendo
479 1401 516 1472 ht
540 1400 683 1471 mollior.
733 1397 811 1496 Ego
835 1399 945 1468 habeo

119 1504 229 1574 Vitam
250 1494 292 1579 δ’
312 1501 394 1570 Asia
414 1497 489 1590 Jesu
510 1498 631 1571 Christi
646 1500 776 1570 austore
792 1496 946 1590 magistro

120 1599 300 1672 Francisco
326 1596 500 1682 Eximini,
538 1597 654 1690 scripta
679 1597 751 1691 post
774 1594 948 1668 dimidium

123 1693 949 1792 seculumdecimumqunrtumnnnoscilicet1367.

63 1841 67 1848 -
122 1801 216 1888 isque
232 1795 317 1866 liber
330 1799 448 1888 partim
463 1811 609 1868 exaratus
624 1794 669 1866 est
684 1796 717 1864 in
732 1793 951 1881 membranis,

121 1895 241 1988 partim
257 1894 292 1962 in
307 1895 428 1966 chartis
442 1892 538 1966 lineis
552 1894 712 1966 variarum
728 1890 951 1978 officinarum,

122 2011 200 2064 narn
223 1989 351 2063 illarum
374 1994 462 2090 signa
485 1991 557 2064 sunt
581 1991 724 2076 dive'rsa;
753 2009 852 2082 atque
878 1990 951 2060 haec

121 2088 250 2159 Charta
279 2089 352 2176 est,
381 2086 486 2180 qualis
515 2113 534 2160 a
563 2087 731 2186 Bergnnza
759 2088 954 2159 describitur
1063 2108 1064 2120 ¹

123 2183 337 2257 Vocabuiarii
360 2186 554 2259 Monasterii
578 2187 726 2275 Silensrs,
755 2186 955 2277 corpulenta

126 2283 279 2371 scilicet,
311 2281 346 2359 δι
369 2287 457 2358 bene
480 2287 624 2360 contus.
673 2284 769 2357 Hanc
793 2284 954 2358 Chartam

125 2383 234 2456 iinon
249 2382 398 2471 videres,
417 2383 544 2456 sortasse
562 2386 688 2458 diceres
700 2384 863 2475 irminam,
881 2383 956 2475 ejus

126 2503 210 2553 vero
230 2482 420 2573 exemplum
443 2482 485 2554 nd
500 2483 552 2554 Te
568 2487 685 2580 mitte,
710 2502 746 2555 ut
762 2483 873 2554 videns
889 2481 956 2553 esse

126 2578 269 2665 iinea'm,
292 2575 332 2649 δε
355 2582 493 2672 pronior
515 2581 554 2652 sis
569 2583 610 2654 ad
626 2580 849 2666 credendum,
875 2581 959 2652 hnic

127 2680 265 2750 similem
285 2673 347 2748 esse
365 2683 538 2750 memorati
553 2680 784 2764 Vocabusnrii‚
809 2701 883 2770 qune
899 2681 961 2750 ad·
1061 2707 1062 2716 2

129 2780 233 2848 mixta
252 2797 459 2874 pergamenae
482 2777 576 2850 nullo
600 2781 703 2849 modo
727 2777 883 2849 deformis
907 2780 961 2846 vi-

130 2875 264 2960 deatur,
288 2871 326 2946 cic
341 2878 427 2948 hene
442 2897 519 2946 eum
534 2897 573 2947 ea
589 2879 774 2948 conveniat.
812 2875 960 2961 ¹Circiter

131 2993 252 3041 annum
285 2993 391 3046 mcxx.
440 2971 555 3046 Petrus
587 2974 701 3047 Abbns
731 2974 961 3050 Cluniacensrs

130 3067 327 3140 chartarum
349 3091 470 3166 genera
485 3070 656 3146 recensens
671 3092 736 3146 tam
753 3075 962 3160 recentium,

852 3191 962 3260 qnam
