2140 3578
259 227 363 304 LlB.
390 225 451 305 ΙΙ.
503 227 676 340 cnei.
811 247 854 322 4¹

30 358 283 455 argumentis
299 353 450 448 indunt,
475 357 569 454 quod
591 353 862 427 Vbiihis‘inorir

34 454 159 524 sedes
185 451 396 543 habuiffent,
422 455 481 550 qui
504 477 576 526 non
600 453 726 546 procul
747 451 861 524 Colo·

16 543 122 630 „nia
153 547 495 646 Agrippinensium,
534 549 647 644 capite
681 547 862 636 civitatis,

16 717 18 726 ,
42 667 141 715 rem
161 645 312 716 divinam
329 641 444 716 fecisse
460 643 656 717 videantur:
681 642 864 739 tumquod

15 785 17 826 ς
43 737 213 832 quidam
233 743 344 811 Divus
359 743 553 828 Maternus,
580 739 702 822 viduae
720 742 756 810 in
773 740 865 810 Nain

48 835 164 908 filius
189 834 227 907 dt
245 838 336 906 Petri
353 834 514 930 Apostoli
530 835 675 922 auditor,
698 837 793 907 circa
806 858 866 906 an-

15 1011 18 1020 ,
49 954 157 1006 num
191 930 326 1004 Christi
357 929 463 1002 LXX.
489 931 670 1028 Evangelii
701 930 865 1027 mysterio

13 1077 16 1114 r
52 1026 233 1102 Vbiis&
248 1027 408 1100 Treveris
427 1031 643 1124 praedicato,
668 1029 755 1100 hanc
777 1047 866 1098 aram

12 1175 16 1216 Ξ
54 1125 261 1198 sacratioris
288 1123 466 1222 religionis
490 1125 605 1196 studio
636 1127 763 1221 pioque
789 1122 866 1194 zelo

12 1277 13 1312 q
58 1222 118 1294 de
143 1220 259 1318 medio
291 1218 478 1296 sustulisset.
527 1231 621 1319 Quae
651 1222 790 1320 quidem
818 1217 867 1311 lic

11 1375 14 1414 q
59 1319 209 1416 pingue
229 1315 392 1414 quiddam
409 1317 526 1410 olent,
550 1337 590 1390 ut
601 1318 749 1417 prudens
757 1314 869 1388 ledtor

10 1471 11 1478 κ
63 1437 149 1488 non
180 1415 305 1514 injuria
340 1415 381 1486 iis
405 1396 601 1487 audioribus
621 1431 765 1510 reponat
783 1411 870 1486 illud
895 1431 898 1435 “

9 1569 12 1612 ,
65 1509 307 1608 Epicureum,
319 1507 423 1606 μάθος
438 1510 869 1610 daleaQtanquamenim

9 1667 12 1706 f
68 1630 150 1680 non
172 1631 215 1680 eo
234 1607 388 1694 inficias,
414 1609 547 1681 Christi
564 1607 784 1702 sospitatoris
801 1630 867 1676 no·

8 1763 13 1776 ,
69 1703 139 1776 stri
177 1703 367 1778 doetrinam
399 1703 460 1776 sub
486 1704 520 1776 id
547 1724 684 1800 tempus
708 1703 810 1774 etiam
833 1702 870 1775 in
894 1786 896 1790 ,

8 1859 11 1900 ³
73 1822 303 1872 communem
319 1800 469 1872 nostram
486 1803 648 1897 patriam,
674 1797 870 1896 praesertim

75 1898 116 1968 in
135 1893 306 1987 Galliam,
333 1895 632 1992 famapenetralle:
657 1900 778 1992 dequo
790 1895 868 1968 hae·

9 1991 11 1998 “
77 1989 179 2064 sitare
195 2015 258 2063 nos
276 2015 347 2064 non
364 1991 478 2064 sinunt
496 1993 795 2088 Patrumantiquae
803 1993 871 2062 Ec·

8 2151 9 2180 2
77 2086 221 2176 clefiae,
236 2089 362 2160 Irenaei
380 2112 421 2159 ac
438 2088 649 2162 Tertulliani
666 2089 871 2172 testimonia,

80 2182 233 2256 Cellario
257 2200 393 2257 enotata
416 2185 556 2257 Dillert.
572 2183 680 2258 VlIl.
697 2187 740 2258 de
759 2186 872 2258 Initiis

80 2281 238 2353 cultioris
264 2279 469 2353 Germaniae
485 2293 514 2368 §.
527 2305 583 2371 27.
599 2283 689 2380 seqq.
715 2283 872 2354 nondum

82 2391 195 2450 tamen
218 2401 259 2449 ea
274 2395 344 2450 erat
360 2400 475 2450 rerum
490 2378 753 2450 Christianarum
770 2378 873 2448 facies

85 2469 297 2548 inocciduis
322 2475 470 2544 Romani
502 2475 638 2568 imperii
663 2475 871 2570 provinciis,

87 2587 225 2662 quantae
240 2589 380 2664 quantae
393 2571 429 2642 in
437 2567 539 2640 verba
547 2570 786 2642 Romanorum
794 2573 877 2640 ada-t

87 2663 175 2738 stae:
196 2667 321 2739 tronea
338 2665 514 2738 Vbiorum
533 2659 679 2756 fiducia,
702 2684 742 2737 ut
759 2663 873 2761 publi·

89 2783 130 2836 ca
151 2759 350 2834 auetoritate
373 2765 536 2852 (itavero
561 2759 638 2834 fieri
656 2763 801 2850 debuit)
827 2761 873 2833 ad

90 2859 172 2932 ritus
194 2857 332 2951 avitos,
364 2861 407 2930 ab
433 2859 676 2932 Romanorum
702 2855 792 2930 haud
815 2859 873 2930 ab·

92 2951 264 3026 horrentes
279 2956 440 3052 ingenio,
466 2978 548 3026 cum
565 2957 874 3054 alienigenarxiria··

93 3049 147 3126 bili
160 3048 398 3148 superstitione,
422 3050 512 3220 liga
528 3051 661 3128 Tacito
678 3053 774 3128 audit
801 3055 874 3223 Αὲὶ·

101 3185 122 3196 ”
509 3168 532 3244 5
806 3172 830 3222 ¹²
866 3235 872 3246 .
