2140 3578
88 304 92 310 ι
213 199 629 280 Lrss.11.cA1³.1.
767 208 814 301 aa

17 331 130 409 rina.
143 335 176 408 1.
192 355 249 434 59.
273 335 383 410 tradat
409 335 638 424 Arminium,
664 332 813 409 Germa·

17 433 100 504 icae
128 434 303 506 libertatis
329 432 507 506 vindicem
530 431 813 530 assertoremque,

17 528 216 602 olitantem
234 549 298 627 per
315 525 537 620 Cheruscos,
563 552 653 601 arma
662 531 696 600 in
708 531 812 628 Sege-

17 649 115 704 κω,
145 649 241 699 arma
258 627 294 698 in
305 623 477 698 Caesarem
488 623 740 696 Germanicum
750 649 816 720 po-

17 739 191 815 mntem,
217 722 288 794 hoc
304 724 394 819 apud
411 740 471 792 eos
481 721 644 792 sarcasmo
654 719 750 795 usum
760 723 813 792 in-

16 815 57 888 er
81 838 225 890 cetera:
252 821 373 890 Coleret
400 807 529 912 Sagbsias
553 821 674 888 vidam
686 821 816 909 ripam!

16 915 155 986 *adderet
169 915 245 1010 filio
251 913 460 1012 sacerdotium
467 918 485 984 !
509 912 692 985 Nimirum
707 913 815 1010 Sege-

16 1007 76 1081 ies
113 1009 375 1084 Germanorum
402 1009 596 1106 horumque
611 1009 693 1081 belli
719 1011 817 1082 ducis

16 1103 175 1179 Arminii
200 1106 356 1181 consulta
377 1108 536 1203 suamque
562 1109 645 1179 adeo
674 1109 819 1201 patriam

16 1201 96 1282 fante
113 1201 298 1299 Qrintilio
316 1203 432 1297 Varo,
461 1203 498 1277 δῇ
513 1203 819 1300 nuperadnrodum

16 1299 243 1373 Germanico
260 1301 476 1398 prodiderat:
501 1299 671 1397 pertradio
689 1301 723 1371 irr
738 1323 815 1394 par·

16 1397 72 1470 ‘tes
97 1397 311 1494 Segimundo
341 1397 446 1494 filio,
472 1397 561 1494 apud
577 1405 684 1471 Aram
704 1397 821 1468 Vbio-

16 1515 102 1568 *rum
112 1491 493 1593 anteasacerdnte,post
502 1491 656 1592 profugo
665 1494 706 1564 ab
717 1491 822 1565 Vbiis

16 1593 67 1665 ad
83 1591 300 1679 Germanos,
324 1591 455 1665 bellum
473 1593 508 1662 in
527 1589 821 1661 Romanosmrdi-

28 1706 150 1761 tantes.
176 1685 277 1787 Qae
294 1687 443 1788 Segestis
459 1684 603 1784 perfidia
620 1706 702 1756 cum
718 1684 825 1756 vehe-

15 1787 18 1832 ἵ
32 1802 165 1858 menter
179 1801 291 1857 ureret
305 1786 504 1858 Arminium
523 1838 533 1872 ,
560 1797 743 1878 ereptaque
762 1779 825 1854 fibi

15 1887 16 1898 ’
34 1903 144 1980 nuper
164 1903 275 1970 uxor,
300 1882 372 1992 ejus
381 1878 474 1971 filia,
499 1880 541 1952 ab
550 1876 825 1970 Romaniseffet,

38 2003 110 2052 non
141 1975 212 2052 line
268 1994 347 2050 atra
370 1972 554 2074 compadio
579 1975 616 2046 δε
646 1976 826 2048 communi

41 2099 123 2150 cum
148 2074 214 2148 illis
229 2001 366 2161 drudm
394 2069 584 2170 probris&
605 2072 827 2144 contumeliis

43 2170 205 2272 conjcffls
220 2172 257 2244 in
272 2169 444 2244 Caesarem
453 2168 732 2264 exercitumque,
748 2193 825 2263 qaa-

45 2293 110 2342 ram
123 2285 168 2342 aar
182 2291 293 2342 manas
308 2291 403 2342 unam
418 2267 632 2340 mulierculam
648 2267 827 2358 averterint,

49 2366 131 2438 hanc
145 2364 283 2439 addebat
301 2363 414 2438 hostili
430 2366 466 2435 in
482 2361 639 2436 socerum
654 2363 769 2433 animo
779 2360 828 2432 ir·

52 2460 200 2534 riiionem
217 2461 390 2549 dammas,
411 2478 572 2555 tanquam
582 2459 617 2529 in
626 2457 827 2530 cumulumr

15 2563 16 2602 ³
56 2560 140 2632 Colat
159 2562 277 2630 vidam
299 2559 406 2632 Rheni
429 2557 559 2648 ripam!
582 2573 693 2653 puta,
725 2576 828 2649 quam

15 2659 16 2666 ’
58 2653 200 2728 Romani
213 2675 290 2727 ante
307 2653 440 2728 cladem
451 2649 635 2726 Varianam
646 2648 830 2724 Germania

15 2759 16 2768 ’
61 2753 104 2822 cis
121 2749 245 2823 flumen
259 2749 468 2842 eripuissent.
496 2749 624 2820 Reddat
633 2747 705 2840 filio
720 2745 830 2844 sacer·

62 2849 184 2936 daiam·
207 2843 369 2944 srpoffit!
396 2843 537 2945 perinde
546 2841 638 2936 quasi
647 2841 759 2915 dicat:
778 2840 831 2913 fo·

15 2955 16 2992 ³
65 2965 97 3013 rr
115 2967 206 3040 penes
221 2940 254 3016 se
271 2953 304 3017 rr
323 2941 455 3028 socios,
479 2942 540 3012 ubi
556 2938 698 3012 bellum.
710 2956 834 3011 contra

66 3041 221 3119 Romanor
241 3037 517 3146 prosequendum
542 3037 837 3202 (immadi
940 3035 945 3048 ·
