2170 3576
200 174 251 261 με
274 163 340 246 nn
357 163 487 242 run.
509 163 617 266 ern
634 163 704 242 nr
719 163 869 242 nucu
882 167 996 246 cns.

201 296 350 368 molter
372 293 468 386 effrdo
483 295 622 392 faceret.
666 291 773 366 Adde
802 294 1009 368 Ciceronem

201 390 317 462 Attic.
344 395 457 462 V1.1.
492 392 529 464 &
558 389 744 461 Horatium
776 387 1017 485 Epist.11.1.

83 484 86 496 ’
206 506 287 568 192.
334 487 430 562 Binis
454 489 593 587 quidem
614 486 700 558 rotis
718 483 892 558 instructa
906 483 1017 571 alian

202 581 259 656 sed
286 581 348 658 hic
371 602 537 682 quatuor:
564 601 646 681 quo·
660 583 840 750 {citandis
855 581 1020 678 pluribus
1072 583 1073 588 ’

203 677 420 752 insefforibus
446 705 506 778 par
523 677 616 752 effer.
698 697 711 750 t
727 697 884 778 quatuor
899 680 1016 750 inter-

204 775 289 847 dum
309 796 401 850 rotas
416 795 577 875 carpenta
598 772 774 861 habuere,
803 775 932 871 quibus
949 796 1013 844 ve·

204 872 254 948 &i
269 874 490 969 imperatores
508 895 687 970 regesque.
720 871 870 942 Deinde
889 880 1016 966 Augu·

205 971 297 1043 stum
316 972 405 1066 Cajo
425 967 502 1041 filio
523 969 695 1041 finisti-um
711 969 803 1040 latus
822 987 1012 1066 tegerent·

205 1090 267 1139 mo
284 1065 451 1157 miretur,
477 1068 536 1162 qui
554 1064 636 1138 sciat
653 1063 701 1137 ita
715 1065 1012 1138 adsueffeRoma·

206 1187 305 1255 nos,
328 1185 438 1258 quum
473 1164 644 1236 honorem
669 1161 900 1234 exhiberent.
954 1161 1013 1232 Sic

206 1260 391 1332 Claudium
419 1258 597 1332 Caesarem
621 1260 781 1329 novimus
800 1265 847 1329 A.
871 1256 1013 1328 Plautio

207 1359 244 1430 in
265 1355 481 1453 Capitolium
507 1353 769 1434 concedenti&
790 1355 915 1426 ovanti
925 1355 1014 1426 latus

207 1454 348 1538 texille3
376 1471 415 1525 ut
440 1451 491 1525 est
515 1454 606 1549 apud
632 1450 842 1522 Suetonium
854 1473 931 1545 cap.
950 1473 1011 1537 24.

73 1573 76 1582 ’
207 1550 309 1720 im
332 1548 442 1644 ipsum
467 1548 617 1622 referens
639 1546 838 1646 Eutropius
854 1553 926 1618 Vll.
946 1565 1006 1641 13.

234 1647 298 1718 icit
323 1645 509 1719 Claudium
533 1645 664 1718 Plautio
678 1644 813 1716 laevum
833 1641 1007 1714 inceffisse.

209 1745 265 1816 Sic
294 1742 397 1815 Nero
412 1741 637 1826 Tiridatem
650 1741 836 1812 Armeniae
844 1740 1010 1838 Regem,

211 1841 251 1915 in
269 1839 406 1913 theatro
419 1841 523 1938 juxta
535 1838 567 1910 sc
581 1839 684 1910 latere
700 1836 831 1910 dextro
855 1838 1012 1909 colloca·

210 1937 275 2012 vit.
298 1940 439 2010 sueton.
455 1960 533 2032 cap.
548 1955 601 2033 ις,

258 2037 307 2103 V.
332 2034 388 2105 Ad
399 2055 499 2119 eum,
526 2055 629 2132 quem
640 2029 916 2128 supradiximus,
936 2052 1014 2101 mo·

211 2129 296 2204 dum
314 2129 367 2200 his
382 2129 500 2200 studiis
517 2131 554 2202 &
570 2128 699 2201 artibus
716 2128 836 2224 reique
854 2127 1007 2200 militaris

211 2227 371 2320 scientia,
394 2248 478 2323 quae
493 2225 535 2298 ad
554 2227 722 2297 summam
740 2223 920 2296 fortunam
929 2221 1007 2294 sunt

161 2363 164 2370 ·
211 2323 442 2410 administrae,
466 2345 485 2394 a
505 2322 627 2394 Verrio
647 2321 775 2394 Flacco
827 2337 1007 2416 raecepto·

211 2445 270 2514 re,
291 2441 393 2516 atque
408 2446 426 2496 a
440 2437 535 2517 patre
550 2418 607 2491 M.
625 2419 780 2516 Agrippa
789 2343 824 2516 ff
815 2417 941 2492 harum
958 2439 1011 2487 re-

213 2541 292 2592 rum
310 2517 553 2614 literarumque
567 2513 823 2600 callentillrm0;
838 2532 880 2586 ut
893 2535 1008 2608 quem,

215 2609 294 2714 post
329 2614 472 2686 bellicae
492 2613 631 2684 virtutis
655 2611 827 2708 praeclara
842 2609 1005 2704 specimi-

216 2735 277 2797 na,
301 2711 423 2801 orbem
447 2727 614 2782 terrarum
632 2707 792 2802 singulari
811 2729 916 2804 opere
950 2727 1006 2774 ur·

215 2811 253 2880 bi
269 2807 485 2905 [pellandum
503 2803 711 2902 proposuill:
727 2799 873 2878 testatur
882 2803 1009 2874 Plinius

216 2910 270 2974 lll.
286 2913 343 2991 2.)
370 2903 511 2999 ipsoque
538 2925 602 2974 avo
622 2899 785 2996 Augusto
804 2901 891 2998 (qui
910 2900 1008 2996 paulo

216 3015 293 3069 ante
315 2999 474 3096 egregiae
489 2997 700 3072 educationis
713 2999 918 3096 exemplum
939 2994 1006 3066 edi-

915 3092 1004 3164 derat
