2170 3576
223 213 283 296 ea
363 203 430 286 ue
454 201 573 284 ira
597 205 920 313 vitonum

224 347 353 442 ripam,
377 357 419 416 ut
445 341 542 440 saepe
555 337 659 430 alibi3
681 338 737 414 sed
753 341 803 414 de
826 339 1015 440 utraqud

225 441 384 512 dextram
413 439 489 536 ejus
521 436 676 510 fluminis
699 439 841 534 ripam:
881 460 1021 538 usquet

225 537 429 626 Mattiacis,
452 531 748 632 dequibuesupre,
770 535 1022 627 adOceanuu,

224 651 331 732 atque
349 633 430 706 inde
452 636 494 704 ad
516 631 660 717 Albim3
688 634 824 728 quippe
848 655 1021 730 gentereo

226 748 392 804 terrarum
418 723 530 802 trastu
556 726 632 801 sitas
651 727 782 800 Drusus
811 737 850 805 δι
872 729 1018 803 Tiberius

227 846 306 899 ante
321 826 534 924 subegerant.
564 823 703 898 Deinde
720 825 888 922 Segestes
902 827 1017 913 eodm,

226 945 299 1022 quo
317 921 401 994 haec
420 924 516 1020 gesta
529 920 629 1013 sunt,
652 945 742 994 anno
760 945 830 1018 pro
840 921 1018 1024 filiojure·

228 1041 273 1091 ne
289 1018 472 1091 intercessit
487 1017 579 1118 apud
593 1019 873 1107 Germanicum,
901 1039 945 1094 ut
958 1021 1021 1092 red·

226 1113 348 1206 deret,
373 1139 444 1188 non
469 1115 587 1188 multis
602 1115 729 1186 abhinc
746 1117 868 1204 annis,
897 1118 1019 1190 sednu·

225 1235 293 1380 ner
309 1211 494 1284 admodum
505 1213 680 1324 ademtum
707 1209 968 1290 sacerdotium:
984 1214 1021 1287 al·

226 1307 509 1476 dissidiis
523 1303 933 1515 tristitiem
949 1333 1019 1480 s?

228 1519 308 1574 rum
338 1517 432 1570 teum
451 1500 605 1594 fecisset,
633 1499 805 1574 detulisset
832 1527 878 1576 ue
901 1504 1011 1574 Armi·

229 1598 352 1689 nium,
367 1595 530 1672 Annam.
545 1611 603 1694 58.
620 1597 797 1672 Nondum
806 1527 869 1672 das
877 1593 1009 1670 manue?
1067 1603 1068 1674 f

228 1693 283 1765 vis
300 1693 417 1790 plura,
442 1693 571 1792 Lipsr?
597 1695 630 1766 A
659 1715 789 1788 evero,
808 1695 902 1780 adde,
920 1696 1008 1792 quod
1067 1683 1068 1748 ἰ

226 1783 463 1888 Segimundus
483 1815 556 1864 non
577 1815 596 1862 e
644 1815 700 1863 em
717 1790 792 1888 ipso
806 1815 925 1886 anno,
946 1813 1007 1888 quo

111 1903 113 1908 ·
228 1878 636 1979 Germanideseivemnt,
653 1888 1005 1988 sacerdosapudArtm

223 1977 410 2054 Vbiorum
432 2001 566 2056 creatus
591 1987 724 2058 dicatur
739 1981 934 2073 Comeli03
958 1983 1002 2056 sed
1067 2029 1068 2080 3

227 2091 306 2146 tum
328 2099 412 2148 vero
433 2081 548 2174 ruprffe
572 2085 702 2172 vittas,
723 2083 895 2178 profugum
908 2083 1000 2153 edre·

222 2173 339 2244 bellu:
360 2187 402 2245 ut
426 2180 520 2271 quod
544 2201 653 2250 unum
678 2179 845 2251 memoria
867 2179 996 2274 dignum
1067 2187 1068 2256 s

223 2286 261 2343 tt
287 2291 330 2341 ue
344 2267 480 2383 adrem
496 2272 668 2370 superiore
684 2273 720 2348 bt
735 2275 900 2388 praesente
914 2271 1001 2382 bello

162 2422 165 2440 ¹
224 2368 1006 2566 tentet‘tsttfstbsetttdsttdt

227 2553 401 2632 silentium
421 2559 467 2636 de
489 2564 679 2639 ‘constituta
703 2566 866 2662 Augusto
883 2561 1008 2637 Caesari

226 2657 265 2728 in
281 2655 380 2730 Vbiis
393 2680 447 2731 ara
470 2661 636 2755 coiaco,
654 2682 724 2757 quo
741 2661 820 2734 date
836 2679 936 2756 opera
948 2660 1006 2730 de-

223 2752 374 2824 dicatam
406 2753 518 2836 eidem
549 2774 568 2830 a
598 2755 891 2856 Lugdunensibus
920 2777 1004 2827 aram

219 2847 445 3009 gersoripsrtg
468 2854 628 2950 idemque
649 2857 692 2925 de
716 2855 845 2928 ceteris·
865 2849 1007 2925 auetori-

175 2971 177 2974 ·
243 2955 288 3015 'us
303 2952 516 3043 tenendum,
539 2951 599 3048 qui
614 2971 665 3022 res
681 2951 832 3048 Augusti
843 2949 1003 3046 persecuti

217 3039 311 3113 runt.
342 3041 716 3140 murmurantum,
737 3045 840 3146 quod
849 3044 1000 3120 adsusce·
1067 3123 1068 3128 Ν

909 3159 1006 3239 rum
