2184 3572
202 233 251 308 92
276 211 344 288 DE
360 205 493 288 TUM.
513 207 615 312 CAJI
631 205 698 288 ET
712 203 844 290 LUCII
861 209 992 291 CAES.

202 339 398 416 clientibus.
427 337 723 438 Pliniusnpistn.
736 365 791 435 14.
827 349 879 417 'At
895 344 996 416 hercle·

200 454 274 512 ente
296 441 478 511 memoriam
493 461 596 511 meam
614 435 770 536 (majores
786 457 867 512 nate
881 444 931 512 ita
936 443 992 535 so·

200 538 265 608 lent
290 532 416 635 dicere)
438 560 475 607 m
488 534 678 627 mbiliffimis
694 538 994 633 quidemadolescm·
1078 571 1079 582 ¹

200 633 286 706 tibus
305 635 490 725 incesserat,
513 637 573 727 nist
590 632 695 728 aliquo
709 631 862 729 consulari
873 638 993 725 produ·

201 744 306 804 cente:
330 744 423 801 tama
445 731 642 802 veneratione
661 729 903 822 pulcherrimum
918 751 992 824 opus

200 827 427 898 celebrabatur.
453 823 503 900 Et
519 827 648 897 Cicero
656 825 903 900 Attic.1x.22.
927 831 995 923 Ego

81 983 84 990 .
201 947 268 998 meo
282 925 442 1008 Ciceroni,
470 925 615 1017 quoniam
635 923 906 1018 Romacaremue
927 927 996 995 Ar-

1078 748 1080 874 l

195 1023 268 1115 pini
285 1018 472 1112 potiffimum
487 1033 592 1114 togam
599 1035 717 1112 puram
734 1019 817 1092 dedi.
866 1019 912 1091 In
928 1022 1001 1092 Ca-
1080 1049 1081 1054 ¹

203 1116 368 1212 pitolium
384 1117 500 1208 enim,
524 1133 564 1187 ut
585 1113 863 1200 mendicemus,
888 1115 1000 1188 dedu·
1081 1154 1082 1190 l

204 1235 284 1286 cere
298 1235 378 1284 eum
396 1210 526 1286 absenti
546 1235 617 1282 non
633 1211 745 1285 licuit.
788 1212 917 1285 Plinius
931 1215 998 1286 ite·

202 1333 281 1384 rum
305 1307 415 1404 Epist.
433 1313 457 1382 Ι.
474 1331 508 1391 9.
543 1311 583 1384 Si
598 1332 687 1405 quem
701 1310 888 1404 interroges,
910 1310 1000 1385 hodie
1082 1358 1083 1376 i

203 1408 284 1502 quid
294 1404 406 1502 egisti?
426 1402 606 1497 respondeat
623 1429 637 1476 .·
663 1403 776 1496 Officio
791 1421 878 1502 togae
893 1411 1000 1480 virilis

203 1500 346 1595 interfui.
374 1501 668 1591 convocabantur
691 1500 822 1574 senatus
852 1502 999 1601 &plebs

203 1599 307 1674 etiam
333 1600 369 1672 in
383 1596 583 1697 provinciis.
622 1597 714 1669 Idem
729 1595 841 1694 Epist.
856 1604 902 1672 X.
921 1621 999 1676 120.

205 1693 675 1795 Qioirilemtogamsumunt,
677 1694 779 1792 solent
787 1709 888 1767 totam
896 1697 998 1790 buon,

204 1807 301 1888 atque
314 1797 414 1866 etiam
433 1793 934 1889 eplebemmexiguumnumerum
942 1819 1001 1867 vo-

204 1912 287 1962 care.
336 1892 498 1987 Tyrones
527 1911 668 1960 munera
698 1887 822 1961 dabant
847 1911 914 1986 pso
944 1891 1001 1966 sua

231 1986 350 2082 uisque
376 1983 579 2066 conditione
593 1983 880 2058 &facultatibust
909 1989 1000 2060 Cae-

204 2007 288 2154 lnres
306 2083 445 2179 quidem
461 2104 502 2153 ac
519 2082 634 2178 princi
679 2103 695 2152 s
706 2082 903 2179 juventutis
914 2107 999 2156 con·

191 2178 348 2278 'giarium
356 2176 483 2346 ¹plebi,
507 2177 610 2250 militi
627 2106 850 2250 linativum:
878 2181 940 2252 reli
966 2183 1002 2256 ui

205 2297 252 2348 ex
268 2297 355 2374 eque
386 2275 414 2345 ri
441 2271 562 2350 otdine
578 2273 679 2346 binos
696 2274 751 2344 vel
770 2272 925 2373 singulos
942 2206 966 2350 i

207 2373 320 2445 narios
351 2370 467 2446 multis
499 2391 518 2440 e
551 2367 664 2467 plebe.
694 2370 820 2442 Plinius
858 2372 1002 2448 ibidem.

205 2467 381 2542 Praeterea
394 2468 532 2541 barbam
553 2471 740 2564 ponebant.
772 2468 831 2540 De
849 2467 941 2566 Cajo
962 2471 1002 2546 δε

205 2567 319 2640 Lucio
335 2563 559 2660 Apollonides
577 2562 761 2636 Anthol.1.
771 2565 825 2634 26.

278 2660 357 2734 ‘nel
373 2662 525 2756 παρηΐδων
550 2667 663 2754 πρὸτον
685 2663 769 2749 θέρος
806 2657 904 2757 inum
919 2662 1003 2762 τὲτῳ

331 2765 445 2859 Kolpos,
470 2763 523 2830 nel
544 2757 654 2852 possins
667 2760 771 2835 libies
785 2753 911 2851 inanes,

283 2855 371 2928 reiis:
399 2853 449 2929 eis
473 2859 507 2927 δὲ
530 2853 629 2950 πατὴρ
654 2863 721 2950 χῦρὶ
745 2855 867 2943 δέξεται
901 2855 1004 2931 iussis

423 2958 521 3031 ἴκλον,
789 2979 792 2988 ’

967 2301 1003 2350 e.

324 3046 460 3140 Asinae,
484 3048 616 3148 ὀξομίνυ
633 3046 729 3124 munis
746 3060 775 3128 ie
791 3052 902 3132 iilius.
992 3083 995 3091 ·

274 3165 277 3172 ’
399 3179 406 3188 ·
873 3149 1000 3242 nuptiis·
